2190 3470
286 213 306 254 1
313 213 339 255 6
985 213 1296 250 EINLEITUNG.

282 324 421 376 Vergil
446 325 622 364 niimlieh
646 339 724 365 von
750 326 825 365 den
851 323 1012 376 ἄταφοι
1037 330 1138 378 sagt,
1164 327 1242 365 dass
1268 327 1323 366 sie
1348 328 1451 365 nach
1473 327 1581 365 einer
1599 321 1898 381 gewissenZZeit
1922 335 1995 366 aus

283 385 389 423 ihrer
414 384 743 437 Sonderstellung
774 386 897 425 erlest
926 386 1083 425 werden
1109 382 1215 440 (329
1226 381 1285 440 fi),
1316 386 1439 425 findet
1463 386 1545 425 sich
1570 386 1634 425 bei
1658 387 1733 425 den
1758 389 1875 426 unter
1899 387 1996 438 sich,

283 445 357 483 wie
388 445 579 495 bemerkt‚
611 459 686 496 eng
716 445 996 485 verbundenen
1029 443 1163 495 ἄωροι
1200 446 1281 484 und
1314 443 1604 495 βιαιοθάνατοι
1641 446 1755 485 keine
1796 446 1995 497 derartige

284 504 573 556 Bestimmung.
633 505 716 544 Das
753 505 904 544 erklerffi
941 505 1023 544 sich
1061 518 1145 544 nun
1176 506 1314 544 leicht:
1351 506 1426 543 mit
1457 505 1564 543 einer
1594 505 1753 544 solehen
1782 506 1894 545 hfflzsse
1927 506 1996 544 der

264 565 461 615 -gesamte
502 564 816 615 mythologisohe
853 565 1037 615 Apparat
1073 565 1195 603 fallen
1238 569 1414 614 miissen‚
1457 565 1547 603 weil
1590 565 1659 603 der
1700 565 1996 615 Widerspruch‚

285 623 363 662 dass
389 624 541 662 Aeneas
571 625 613 662 in
645 624 773 662 dieser
796 624 949 676 Region
973 625 1221 674 mythisehen
1254 621 1545 673 βιαιοθάνατοι
1569 624 1702 676 Ιῆιιςείῑ
1726 637 1997 676 vergangener

283 683 622 733 Mythenepochen
664 684 898 734 begegnete,
943 686 1052 722 sonst
1095 697 1142 722 zu
1184 684 1482 734 handgreiflieh
1526 696 1705 734 gewesen
1751 688 1867 723 wiire.
1942 684 1995 723 So

284 743 356 780 hat
398 743 482 782 also
520 743 659 794 Vergil
703 743 765 781 die
801 743 1130 782 Kontamination
1173 743 1431 795 heterogener
1466 743 1777 794 Vorstellungen
1820 743 1996 782 dadurch

285 815 334 840 zu
376 803 591 853 verbergen
640 803 821 853 gesucht‚
870 803 948 842 dass
999 816 1041 841 er
1090 803 1160 841 das
1203 803 1329 842 Motiv
1378 803 1447 841 der
1495 803 1610 841 einen
1660 797 1993 857 (theologisehen)

285 861 423 907 Quelle
462 862 584 900 fallen
621 861 719 911 liess,
755 875 823 900 um
860 864 924 901 ein
960 863 1024 900 fiir
1061 862 1194 901 89111911
1232 863 1371 902 Zweek
1410 863 1726 901 wesentlieheres
1764 863 1891 902 Motiv
1926 862 1997 900 der

286 921 449 960 zweiten
488 916 866 975 (mythologisehen)
906 921 1043 968 Quelle
1080 922 1329 960 beibehalten
1367 935 1414 960 zu
1449 923 1623 960 k6nnen:
1662 922 1725 960 ein
1763 921 1996 971 Verfahren,

285 981 356 1019 das
399 981 490 1020 sehr
532 981 879 1020 eharakteristiseh
915 982 969 1020 ist
1005 982 1070 1019 fiir
1106 982 1169 1019 die
1206 982 1283 1020 Art
1319 982 1447 1020 seiner
1484 981 1878 1033 Quellenbenutzung
1914 981 1996 1019 und

286 1041 413 1079 seiner
442 1041 553 1079 mehr
585 1041 658 1079 auf
683 1041 883 1091 poetdsohe
909 1041 1077 1080 Illusion
1109 1041 1167 1080 als
1198 1041 1372 1092 logisehe
1405 1040 1748 1080 Geschlossenhei‘c
1776 1041 1996 1079 bedaohten

285 1100 710 1150 Kompositionsweise.
875 1113 879 1118 ’

520 1250 559 1294 0.
590 1250 668 1293 Die
699 1250 834 1293 Lehre
865 1262 951 1294 von
983 1250 1058 1293 der
1089 1250 1504 1305 Seelenwanderung
1535 1251 1778 1309 (724-51)·

403 1337 477 1376 Die
503 1338 626 1377 Verse
657 1339 786 1377 lassen
819 1338 902 1377 sich
932 1338 1098 1377 leiehter
1127 1339 1346 1390 griechisoh
1378 1339 1437 1377 als
1463 1339 1626 1378 deutseh
1650 1338 1994 1389 paraphrasieren3

284 1398 326 1435 in
364 1398 432 1436 der
468 1397 679 1448 folgenden
710 1398 958 1447 Paraphrase
995 1398 1083 1436 sind
1121 1398 1184 1436 die
1221 1399 1298 1437 den
1328 1399 1578 1448 myizhisehen
1608 1398 1884 1450 Ausdriicken‚
1921 1398 1996 1438 wie

284 1457 358 1496 wir
395 1457 513 1496 sehon
550 1457 725 1507 werden,
762 1458 964 1508 zugrunde
1002 1458 1207 1508 liegenden
1245 1458 1490 1497 kosmisehen
1522 1457 1830 1509 Vorstellungen
1866 1458 1996 1509 gleieh

285 1518 327 1555 in
358 1517 589 1556 Klammern
620 1517 825 1568 beigefflgt
855 1518 1025 1556 worden.

404 1574 468 1615 Τὰ
508 1575 583 1626 μὲν
621 1575 817 1626 τέσσαρα
854 1577 1063 1626 στοιχεῖα,
1107 1577 1192 1626 πῦρ
1230 1574 1346 1626 ὕδωρ
1385 1574 1466 1626 ἀὴρ
1504 1578 1575 1626 γῆ,
1619 1577 1891 1630 ζωοποιεῖται
1927 1575 1996 1616 καὶ

285 1635 487 1686 τρέφεται
518 1634 742 1685 πνεύματι,
775 1634 799 1675 ὃ
831 1634 901 1675 διὰ
932 1636 1008 1675 τοῦ
1041 1634 1204 1676 παντὸς
1233 1637 1379 1685 διῆκον
1404 1635 1472 1676 καὶ
1498 1634 1604 1676 ὅλον
1630 1634 1689 1675 δι’
1715 1634 1822 1676 ὅλου
1847 1648 1994 1686 κεκρα-

288 1694 418 1746 μένον
449 1696 555 1735 κινεῖ
586 1694 662 1745 μὲν
693 1694 771 1735 τὸν
803 1694 969 1745 κόσμον
998 1694 1188 1745 ὡσπερεὶ
1214 1695 1341 1744 σῶμα
1366 1693 1574 1746 ἔμψυχον,
1608 1693 1830 1748 ἀπογεννᾷ
1855 1695 1903 1735 δὲ
1929 1694 1996 1735 καὶ

285 1754 338 1795 τὰ
375 1757 465 1809 ζῶα
500 1752 554 1794 τά
591 1767 637 1794 τε
676 1753 722 1794 ἑν
760 1757 813 1808 γῇ
853 1754 921 1794 καὶ
953 1752 1046 1804 ἀέρι
1075 1754 1144 1795 καὶ
1174 1753 1334 1808 πόντῳ.
1396 1754 1449 1795 τὰ
1481 1754 1529 1794 δὲ
1561 1754 1787 1805 σπέρματα
1817 1753 1995 1805 πυρώδη

286 1813 418 1865 φύσει
455 1812 708 1865 ὑπάρχοντα
744 1814 812 1854 καὶ
850 1813 1043 1854 σύντονα
1079 1814 1148 1854 καὶ
1184 1817 1245 1868 τῷ
1282 1816 1367 1868 θεῷ
1407 1815 1613 1864 συγγενῆ,
1653 1813 1826 1864 σώμασι
1864 1813 1996 1864 φύσει

286 1875 494 1924 φθαρτοῖς
531 1873 600 1913 καὶ
637 1875 820 1924 νωθροῖς
859 1871 984 1914 οὖσιν
1017 1872 1167 1924 ὥσπερ
1200 1872 1381 1924 εἱρκταῖς
1411 1882 1497 1914 τισι
1529 1874 1769 1914 σκοτειναῖς
1801 1874 1995 1922 συγκλει-

287 1933 448 1974 σθέντα
491 1931 810 1983 ἀπαμβλύνεται
853 1933 923 1973 καὶ
959 1931 1046 1973 ἀπὸ
1086 1935 1161 1983 τῆς
1198 1932 1307 1983 πρὸς
1343 1934 1479 1973 ταῦτα
1517 1932 1781 1984 συμπαθείας
1820 1932 1930 1973 ἕλκει
1968 1931 1995 1973 ἃ

287 1993 339 2043 δὴ
382 1991 496 2043 πάθη
541 1993 754 2044 καλοῦμεν
798 1992 942 2044 φόβον
986 1991 1208 2043 ἐπιθυμίαν
1252 1991 1392 2043 λύπην
1431 1991 1605 2043 ἡδονήν.
1668 1990 1785 2033 Ἀλλ’
1823 1991 1875 2032 οὐ
1913 1992 1994 2043 μὴν

287 2051 385 2093 οὐδ’
426 2051 601 2092 ἐπειδὰν
646 2051 687 2092 αἱ
730 2052 866 2103 ψυχαὶ
907 2054 995 2093 τῶν
1038 2052 1145 2093 κατὰ
1183 2051 1323 2102 σάρκα
1360 2054 1532 2103 δεσμῶν
1571 2050 1777 2100 ἀνεθῶσι,
1820 2053 1909 2093 τῶν
1946 2064 1995 2102 γε

288 2110 539 2163 μιασμάτων
577 2110 940 2160 ἀπαλλάττονται,
981 2110 1090 2163 ἅπερ
1123 2111 1169 2152 ἐκ
1199 2113 1366 2152 πολλοῦ
1397 2111 1742 2162 προσπεφυκότα
1773 2111 1842 2151 καὶ
1871 2112 1996 2161 πῆξιν

288 2170 498 2222 εἰληφότα
523 2170 670 2212 αὐταῖς
696 2171 912 2220 ἐγκαθίζει.
970 2170 1081 2212 Ἀντὶ
1107 2172 1154 2212 δὲ
1179 2171 1334 2222 ταύτης
1359 2173 1433 2221 τῆς
1458 2170 1691 2222 κακότητος
1717 2172 1892 2221 πρῶτον
1919 2170 1995 2221 μὲν

287 2231 422 2272 δειναὶ
460 2230 590 2271 αὐτὰς
622 2230 886 2282 ἀναμένουσι
917 2230 1063 2272 ποιναί
1100 2228 1167 2286 (ἐν
1199 2234 1259 2286 τῷ
1291 2230 1399 2281 ὑπὲρ
1430 2230 1551 2281 ἡμῶν
1584 2229 1675 2281 ἀέρι
1707 2226 1995 2284 πυκνοτάτῳ),

287 2291 355 2331 καὶ
390 2290 417 2340 ἡ
457 2291 532 2341 μὲν
573 2290 673 2341 πυρὶ
710 2290 736 2340 ἡ
775 2291 822 2331 δὲ
859 2289 981 2331 ὕδατι
1017 2290 1044 2340 ἡ
1083 2291 1131 2331 δὲ
1168 2289 1340 2342 ἀνέμοις
1377 2290 1641 2341 κολαζομένη
1680 2289 1800 2340 δίκην
1843 2288 1996 2330 δίδωσι

286 2352 375 2391 τῶν
394 2351 591 2391 παλαιῶν
612 2349 868 2401 μηνιμάτων,
887 2350 995 2391 κατὰ
1013 2350 1091 2391 τὸν
1111 2349 1293 2401 δαίμονα
1311 2349 1359 2391 ὃς
1380 2349 1565 2400 ἑκάστην
1586 2348 1767 2400 εἴληχεν.
1817 2347 1996 2389 Ἔπειτα

288 2411 593 2461 περαιωθεῖσαι
633 2409 691 2450 εἰς
727 2410 781 2450 τὰ
813 2409 998 2451 Ἠλύσια
1028 2409 1241 2461 λεγόμενα
1271 2409 1397 2450 πεδία
1428 2406 1519 2465 (ἵνα
1550 2409 1598 2449 δὲ
1629 2410 1824 2460 φυσικῶς
1858 2408 1992 2457 λέγω-

289 2482 382 2520 μεν,
427 2468 485 2510 εἰς
521 2470 599 2519 τὴν
637 2469 842 2520 σελήνην,
885 2469 1084 2520 μεθόριον
1122 2468 1262 2510 οὖσαν
1298 2470 1376 2510 τοῦ
1413 2467 1511 2509 καθ’
1547 2468 1657 2519 ἡμᾶς
1693 2469 1888 2519 παθητοῦ
1925 2466 1994 2507 καὶ

287 2530 365 2569 τοῦ
403 2527 499 2569 κατ’
531 2527 680 2579 αἰθέρα
717 2528 941 2580 ἀφθάρτου
978 2525 1150 2584 τόπου),
1187 2527 1327 2577 ὀλίγαι
1365 2529 1441 2579 μέν
1477 2541 1606 2577 τινες,
1652 2527 1696 2568 αἵ
1732 2540 1782 2576 γε
1819 2527 1871 2577 δὴ
1904 2526 1992 2567 ἑπι-

290 2588 532 2639 εικέστερον
571 2588 795 2638 διήγαγον,
835 2589 1039 2639 μένουσιν
1077 2588 1243 2637 αὐτόθι,
1282 2587 1363 2629 ἕως
1401 2587 1454 2629 ἂν
1491 2589 1568 2628 τοῦ
1607 2586 1795 2638 μεγάλου
1833 2585 1993 2636 μυρίων

290 2647 498 2689 ἐνιαυτῶν
543 2646 910 2690 ἀποτελεσθέντος
953 2647 1110 2689 κύκλου
1154 2646 1405 2702 ἀποκλυσθῇ
1445 2660 1521 2698 μεν
1559 2646 1584 2687 6
1621 2646 1757 2687 πολὺς
1795 2644 1992 2716 συμφυό-

290 2720 417 2759 μενος
460 2706 612 2757 ῥύπος,
657 2707 968 2762 ἑγκαταλειφθῇ
1013 2708 1062 2748 δε
1103 2707 1154 2748 τό
1197 2720 1243 2748 τε
1286 2708 1453 2757 πνεῦμα
1496 2705 1762 2747 λεπτότατον
1803 2705 1871 2745 καὶ
1907 2706 1992 2755 πῦρ

291 2766 507 2818 εἰλικρινές
533 2764 577 2822 (ὃ
604 2769 815 2818 λαβοῦσαι
839 2767 1077 2818 περαιτέρω
1103 2768 1322 2818 χωροῦσιν
1342 2765 1401 2807 εἰς
1425 2765 1502 2806 τὸν
1523 2764 1681 2816 αἰθέρα,
1707 2763 1808 2805 ὅθεν
1827 2760 1991 2818 ἦλθον)

290 2826 366 2867 τὰς
397 2827 445 2867 δὲ
475 2826 640 2867 πολλὰς
671 2827 946 2898 καθαίρεσθαι
977 2827 1117 2878 χρεὼν
1143 2826 1190 2868 ἐν
1217 2825 1425 2867 Ἠλυσίου
1452 2828 1571 2880 μυχῷ
1596 2837 1676 2865 τινι
1703 2821 1993 2879 (αἰνιττόμεθα

293 2886 340 2926 δὲ
376 2886 453 2927 τὸν
490 2885 576 2926 ὑπὸ
615 2886 802 2937 σελήνην
840 2886 946 2938 ἀέρα
983 2883 1274 2942 μανώτατον),
1312 2885 1435 2926 ἔνθεν
1471 2886 1548 2925 τοῦ
1580 2885 1788 2935 χιλιετοῦς
1818 2895 1991 2933 περιαχ-

291 2945 440 2987 θέντος
481 2945 638 2986 κύκλου
683 2945 742 2987 εἰς
785 2946 896 2987 ἄλλα
937 2947 1279 2996 παλινδρομοῦσι
1322 2944 1517 2996 σώματα,
1562 2942 1886 2994 ἀμνημονοῦσαι
1923 2941 1993 2982 διὰ

291 3005 341 3046 τὸ
373 3004 511 3055 Λήθης
542 3005 808 3056 καλούμενον
839 3005 969 3056 ὕδωρ,
1000 3004 1025 3046 ὃ
1058 3004 1104 3046 ἐν
1137 3004 1245 3058 ᾅδου
1277 3003 1504 3053 διάγουσαι
1536 3002 1669 3044 ἔπιον.

410 3066 486 3104 Μ11·,
515 3066 643 3104 dieser
666 3066 911 3116 Paraphrase
941 3046 1156 3106 verbinden
1187 3068 1260 3105 wir
1290 3065 1418 3117 gleieh
1449 3065 1643 3133 diejenjge
1674 3063 1743 3101 der
1766 3062 1992 3101 bekannten

293 3125 416 3164 Stelle
454 3125 523 3164 der
559 3124 752 3194 Georgica
790 3121 866 3179 (IV
887 3120 1267 3180 219ff)101'1101c
1308 3124 1398 3164 τοῖς
1439 3121 1628 3173 σημείοις
1669 3119 1991 3171 τεκμαιρόμενοι

294 3181 417 3226 εἶπόν
460 3197 571 3226 τινες
613 3185 705 3226 ταῖς
748 3183 970 3235 μελίσσαις
1013 3182 1129 3224 θείου
1172 3197 1219 3224 τε
1262 3184 1446 3235 μετεῖναι
1490 3181 1623 3231 λόγου
1667 3180 1734 3222 καὶ
1772 3178 1992 3231 ἀναπνοῆς
