2190 3470
318 201 376 246 52
1094 202 1231 240 TEXT.

317 311 475 354 FMPR
531 311 798 354 Minotaurus
829 312 957 368 inest,
988 312 1166 355 Veneris
1198 314 1461 357 monimenta
1490 314 1705 358 nefandae.

529 390 601 432 hic
630 390 752 432 labor
782 390 855 432 1116
886 390 1036 433 domus
1068 394 1110 433 et
1140 391 1444 434 inextricabilis
1477 407 1609 435 error:

530 481 734 523 magnum
765 467 936 524 reginae
967 468 1040 510 sed
1071 468 1184 510 enim
1216 468 1439 511 miseratus
1471 484 1671 526 amorem,

529 543 742 586 Daedalus
773 544 865 599 ipse
896 545 1016 587 dolos
1047 546 1150 588 tecti
1182 546 1465 602 ambagesque
1495 548 1682 603 resolvit,

317 632 363 663 30
531 635 654 664 caeca
683 636 833 678 regens
864 622 938 664 filo
970 623 1158 679 vestigia.
1220 625 1268 665 tu
1301 637 1469 678 quoque
1500 639 1699 681 magnam

529 701 694 753 partem
726 713 852 754 opere
882 699 929 741 in
958 702 1097 754 tanto,
1128 700 1283 742 sineret
1314 701 1452 756 dolor,
1481 699 1598 744 Icare
1627 702 1820 758 habere1s3

528 775 594 818 bis
627 778 803 819 conatus
835 779 925 819 erat
956 791 1077 819 casus
1109 777 1311 834 effingere
1341 778 1386 820 in
1418 793 1533 834 auro,

528 852 594 895 bis
625 854 787 908 patriae
819 854 1004 896 cecidere
1035 869 1196 896 manus.
1260 854 1363 909 quin
1393 856 1588 910 protinus
1621 856 1764 898 omnia

528 931 794 987 perlegerent
825 931 977 986 oculis,
1007 931 1053 973 ni
1083 931 1168 973 iam
1199 932 1456 986 praemissus
1487 931 1672 976 Achates

317 1018 361 1049 35
529 1008 710 1062 adforet,
741 1011 868 1063 atque
898 1023 983 1050 una
1012 1007 1175 1051 Phoebi
1206 1008 1457 1065 Triviaeque
1488 1011 1681 1053 sacerdos

527 1084 751 1140 Deiphobe
783 1083 949 1140 Glauci,
979 1085 1095 1127 fatur
1126 1100 1234 1140 quae
1263 1086 1367 1128 talia
1396 1087 1498 1143 regi.

529 1162 631 1204 ‘non
661 1162 745 1204 hoc
774 1162 857 1204 ista
888 1162 969 1205 sibi
1000 1164 1170 1217 tempus
1202 1163 1445 1217 spectacula
1474 1165 1625 1219 poscit,

526 1253 640 1281 nunc
671 1253 799 1295 grege
831 1239 882 1281 de
911 1239 1073 1281 intacto
1106 1242 1269 1294 septem
1301 1243 1486 1283 mactare
1516 1241 1717 1285 iuvencos

526 1317 796 1371 praestiterit,
826 1317 1006 1359 totidem
1036 1317 1167 1359 lectas
1200 1317 1251 1359 de
1282 1331 1400 1359 more
1429 1318 1639 1361 bidentis.’

314 1404 360 1435 40
526 1394 684 1436 talibus
716 1393 858 1436 adfata
887 1393 1063 1436 Aenean
1082 1419 1126 1424 —
1145 1408 1225 1436 nec
1255 1408 1374 1437 sacra
1404 1398 1625 1438 morantur

526 1471 641 1513 iussa
670 1471 751 1513 viri
771 1496 815 1501 -—
835 1471 1020 1514 Teucros
1051 1474 1177 1513 vocat
1207 1472 1294 1513 alta
1323 1472 1369 1514 in
1398 1473 1560 1528 templa
1591 1473 1795 1516 sacerdos.

597 1548 801 1591 Excisum
833 1547 1049 1590 Euboicae
1079 1549 1191 1590 latus
1223 1549 1373 1605 ingens
1403 1550 1523 1604 rupis
1554 1550 1599 1592 in
1630 1553 1812 1605 antrum,

527 1640 610 1681 quo
642 1626 719 1668 lati
750 1626 911 1668 ducunt
941 1625 1080 1667 aditus
1113 1628 1282 1668 centum
1315 1626 1424 1668 ostia
1455 1629 1637 1682 centum,

526 1703 637 1745 unde
667 1705 798 1745 ruunt
828 1703 1007 1745 totidem
1039 1717 1164 1745 voces
1194 1717 1398 1758 responsa
1430 1702 1627 1759 Sibyllae.

312 1791 358 1822 45
526 1783 700 1822 ventum
733 1783 822 1823 erat
854 1780 906 1822 ad
935 1780 1084 1835 limen,
1116 1794 1212 1822 cum
1243 1780 1365 1837 virgo
1399 1781 1587 1836 ‘poscere
1617 1782 1707 1824 fata

525 1858 710 1912 tempus'
744 1858 821 1912 ait,
854 1857 971 1899 ‘deus
1004 1871 1100 1900 ecce
1132 1857 1260 1899 deus’.
1324 1858 1391 1899 cui
1421 1858 1525 1900 talia
1554 1858 1663 1901 fanti

526 1937 623 1977 ante
653 1934 784 1990 fores,
816 1935 956 1976 subito
987 1949 1076 1976 non
1106 1935 1266 1989 voltus,
1295 1949 1383 1976 non
1415 1936 1532 1977 color
1562 1950 1685 1991 unus,

525 2026 612 2054 non
645 2014 840 2067 comptae
871 2026 1064 2054 mansere
1096 2026 1259 2067 comae,
1291 2012 1363 2055 sed
1393 2014 1541 2067 pectus
1575 2013 1786 2068 anhelum,
1831 2024 1834 2028 ’

526 2091 568 2131 et
598 2089 714 2131 rabie
744 2089 835 2131 fera
866 2089 993 2132 corda
1022 2091 1207 2144 tument,
1238 2090 1458 2144 maiorque
1488 2090 1632 2145 videri,

314 2177 358 2208 50
526 2181 605 2208 nec
635 2167 814 2209 mortale
845 2181 1019 2221 sonans,
1049 2167 1205 2209 adflata
1236 2169 1300 2209 est
1329 2167 1503 2209 numine
1536 2167 1704 2223 quando

313 2242 434 2285 MPR
526 2244 611 2285 iam
642 2244 842 2299 propiore
873 2244 949 2287 dei.
1013 2245 1166 2287 ‘cessas
1197 2244 1243 2286 in
1273 2246 1374 2286 vota
1403 2258 1634 2300 precesque

525 2321 631 2363 Tros
664 2322 723 2364 ait
753 2320 898 2364 Aenea
929 2322 1096 2364 cessas?
1125 2336 1263 2376 neque
1295 2321 1408 2363 em'm
1440 2324 1538 2363 ante
1569 2321 1787 2364 dehiscent

526 2399 731 2441 attonitae
762 2413 918 2455 magna
949 2413 1023 2441 ora
1054 2399 1240 2454 domus'3
1272 2401 1314 2440 et
1343 2399 1447 2441 talia
1476 2399 1565 2440 fata

410 3157 454 3188 33
479 3165 587 3190 omne
613 3155 650 3191 R
675 3164 820 3189 omnem
845 3153 904 3190 die
927 3153 1074 3190 meisten
1093 3153 1307 3190 Serviushss.
1333 3154 1384 3189 im
1402 3153 1552 3189 Lemma
1647 3155 1690 3188 37
1717 3154 1875 3198 poscunt
1896 3153 2008 3197 M1R,

313 3202 435 3247 poscit
459 3203 571 3238 ‘nebe‘n
594 3203 753 3247 poscunt
777 3201 923 3238 Servius
1018 3205 1062 3236 39
1089 3212 1133 3237 ex
1156 3201 1223 3245 far
1246 3201 1293 3236 de
1319 3201 1360 3236 F
