2190 3470
347 203 404 244 66
1131 198 1270 236 TEXT.

628 311 685 354 Di
718 310 871 366 quibus
902 310 1128 365 imperium
1161 312 1225 352 est
1254 309 1510 363 animarum,
1539 306 2013 362 umbraeque‘silentes,

347 400 416 433 265
560 392 603 431 et
634 388 772 431 Chaos
804 390 847 430 et
876 387 1163 444 Phlegethon,
1192 387 1287 428 loca
1317 388 1443 428 nocte
1472 385 1657 428 tacentia
1685 385 1788 427 late:

558 467 614 509 sit
644 466 751 508 mihi
780 466 845 508 fas
876 465 1021 508 audita
1050 464 1188 520 loqui,
1220 464 1276 506 sit
1306 463 1480 505 numine
1510 465 1651 505 vestro

556 544 740 599 pandere
770 557 837 586 res
868 543 955 585 alta
983 545 1096 585 terra
1127 544 1169 584 et
1201 541 1382 597 caligine
1412 555 1581 583 mersas.

626 619 752 663 Ibant
782 620 951 663 obscuri
982 621 1073 663 sola
1103 620 1181 662 sub
1213 621 1339 662 nocte
1368 633 1445 674 per
1474 619 1682 673 umbram,

555 712 715 754 perque
746 698 895 740 domos
925 697 1038 740 Ditis
1069 711 1242 752 vacuas,
1273 699 1315 738 et
1344 696 1487 738 inania
1515 710 1658 753 regna,

344 785 413 817 270
557 776 680 830 quale
710 790 787 830 per
816 775 1021 818 incertam
1050 775 1197 816 lunam
1230 774 1308 816 sub
1338 774 1434 816 luce
1465 774 1652 829 maligna

555 855 620 895 est
650 853 730 895 iter
760 853 806 894 in
836 853 972 907 silvis,
1003 852 1077 894 ubi
1109 852 1271 894 caelum
1305 850 1493 893 condidit
1523 851 1674 893 umbra

553 927 763 984 Iuppiter,
794 932 836 972 et
865 930 991 972 rebus
1021 943 1108 972 nox
1138 929 1314 971 abstulit
1344 930 1436 970 atra
1467 929 1662 970 colorem.

342 1005 463 1047 MPR
555 1006 813 1049 vestibulum
845 1010 943 1049 ante
973 1007 1133 1062 ipsum,
1163 1006 1397 1062 primisque
1428 1006 1473 1047 in
1502 1005 1696 1048 faucibus
1728 1002 1827 1047 Orci

554 1083 713 1126 Luctus
745 1086 788 1126 et
818 1084 990 1126 ultrices
1020 1098 1200 1139 posuere
1234 1083 1390 1126 cubilia
1421 1081 1567 1138 Curae,

341 1171 409 1203 275
553 1162 845 1216 pallentesque
876 1161 1072 1203 habitant
1101 1160 1259 1215 Morbi,
1288 1161 1508 1215 tristisque
1539 1159 1756 1214 Senectus,

553 1241 595 1280 et
625 1238 784 1294 Metus,
815 1241 858 1280 et
887 1238 1131 1280 malesuada
1161 1237 1331 1293 Fames,
1361 1251 1411 1280 ac
1440 1237 1579 1292 turpis
1610 1236 1791 1294 Egestas
1824 1261 1867 1266 —

552 1315 761 1358 terribiles
792 1316 887 1358 visu
917 1315 1080 1358 formae
1110 1340 1157 1346 —
1187 1315 1427 1370 Letumque
1457 1314 1694 1370 Labosque,

551 1395 645 1435 tum
677 1393 1016 1450 consanguineus
1048 1392 1144 1435 Leti
1175 1391 1331 1448 Sopor,
1362 1395 1405 1435 et
1435 1392 1547 1434 mala
1577 1391 1732 1434 mentis

553 1468 732 1526 Gaudia,
763 1470 1116 1525 mortiferumque
1147 1470 1323 1512 adverso
1355 1469 1401 1511 in
1429 1469 1578 1512 limine
1608 1468 1790 1524 Bellum,

339 1557 408 1590 280
550 1547 759 1603 ferreique
789 1547 1076 1590 Eumenidum
1107 1548 1303 1602 thalami,
1334 1550 1376 1590 et
1406 1547 1629 1590 Discordia
1660 1547 1843 1601 demens,

550 1626 768 1680 vipereum
801 1626 959 1668 crinem
990 1626 1110 1668 vittis
1140 1626 1296 1668 innexa
1326 1625 1521 1667 cruentis.

550 1703 595 1744 in
625 1703 764 1745 medio
795 1717 937 1745 ramos
968 1717 1212 1758 annosaque
1241 1702 1440 1745 bracchia
1469 1702 1619 1757 pandit

550 1781 691 1822 ulmus
724 1794 857 1835 opaca
886 1780 1055 1838 ingens,
1090 1794 1218 1835 quam
1250 1779 1391 1822 sedem
1424 1778 1601 1822 Somnia
1630 1780 1758 1836 volgo

549 1872 658 1898 vana
687 1859 831 1900 tenere
861 1857 1022 1912 ferunt,
1052 1857 1253 1913 foliisque
1284 1857 1362 1899 sub
1396 1857 1594 1899 omnibus
1623 1857 1809 1899 haerent.

337 1943 406 1975 285
550 1935 770 1989 multaque
800 1937 1018 1990 praeterea
1048 1935 1260 1977 variarum
1292 1938 1483 1976 monstra
1512 1934 1697 1976 ferarum

550 2009 750 2054 Centauri
780 2012 825 2054 in
855 2012 1018 2054 foribus
1050 2012 1284 2066 stabulant,
1315 2010 1566 2067 Scyllaeque
1596 2011 1811 2065 biformes,

549 2092 591 2131 et
622 2090 989 2146 centumgeminus
1021 2089 1237 2144 Briareus,
1268 2103 1318 2131 ac
1347 2089 1472 2131 belua
1502 2088 1663 2131 Lernae

548 2167 805 2209 horrendum
838 2166 1037 2222 stridens,
1067 2167 1337 2221 flammisque
1367 2169 1530 2208 armata
1562 2164 1795 2220 Chimaera,

549 2242 767 2301 Gorgones
798 2244 1098 2300 Harpyiaeque
1129 2247 1171 2286 et
1200 2244 1340 2286 forma
1369 2244 1616 2299 tricorporis
1647 2243 1831 2285 umbrae.

337 2331 405 2363 290
549 2322 724 2378 corripit
754 2322 826 2365 hic
856 2322 998 2364 subita
1027 2321 1218 2377 trepidus
1249 2321 1476 2364 formidine
1506 2321 1666 2363 ferrum

546 2398 731 2454 Aeneas,
762 2400 1039 2454 strictamque
1069 2399 1204 2441 aciem
1235 2399 1503 2441 venientibus
1534 2398 1676 2454 offert3

548 2478 590 2518 et
620 2477 665 2518 ni
696 2477 822 2519 docta
852 2491 994 2519 comes
1025 2476 1165 2519 tenuis
1197 2477 1289 2519 sine
1319 2490 1496 2531 corpore
1526 2476 1636 2518 vitas

546 2553 772 2596 admoneat
802 2554 998 2609 volitare,
1030 2568 1133 2596 cava
1164 2554 1242 2596 sub
1273 2553 1459 2610 imagine
1488 2552 1662 2607 formae,

546 2631 704 2686 inruat,
735 2634 778 2674 et
807 2631 966 2674 frustra
995 2631 1107 2674 ferro
1140 2631 1376 2673 diverberet
1406 2630 1587 2672 umbras.

373 3199 381 3206 .
428 3150 613 3236 267Paltas
634 3151 692 3198 M¹
783 3153 851 3185 270
870 3148 1052 3185 incertum
1073 3149 1137 3196 ΙΝ,
1156 3149 1345 3195 inceptam
1371 3149 1546 3186 Variante
1565 3149 1620 3185 bei
1637 3147 1784 3185 Servius
1867 3151 1935 3184 273
1954 3146 2031 3194 pri-

334 3211 402 3234 m1s
427 3211 466 3234 111
