2098 3458
266 227 354 269 374
983 225 1191 262 ANHANG
1209 225 1255 262 11.

321 353 357 391 g.
392 339 450 378 IV
473 340 554 378 104
623 341 936 387 contemnuntque
965 339 1079 386 favos
1109 341 1145 378 et
1171 338 1321 387 fri9ida
1351 341 1445 378 tecta
1474 340 1665 378 relincwnt

472 399 553 437 187
840 400 921 436 tum
949 400 1045 437 tecta
1067 400 1217 446 petunt,
1249 400 1330 436 twm
1359 409 1521 447 corpora
1551 401 1690 438 curant

321 471 355 497 a.
430 458 450 496 I
471 458 554 496 209
622 468 728 505 spem
757 457 861 496 voltu
889 457 1058 500 simulat,
1085 458 1229 505 premit
1257 458 1380 496 altum
1409 458 1520 497 corde
1551 458 1719 497 dolorem

392 517 449 555 IX
470 517 554 556 608
622 518 691 555 aut
720 518 860 555 rastris
890 519 1033 555 terram
1063 517 1194 555 domat
1223 519 1292 556 aut
1321 518 1443 564 quatit
1472 517 1616 566 oppida
1646 517 1740 556 bello

415 576 450 614 X
501 576 556 614 80
616 586 756 624 pacem
785 587 898 615 orare
927 587 1060 624 manu,
1087 576 1304 624 praefiqere
1326 577 1527 625 puppibus
1557 588 1671 615 arma

472 636 553 674 119
621 637 787 674 sternere
817 636 929 674 caede
958 636 1063 674 viros
1093 637 1128 674 et
1155 636 1306 674 moenia
1335 637 1483 684 cinqere
1513 637 1682 683 flammis

472 695 554 734 193
623 694 853 742 linquentem
883 697 1007 734 terras
1038 697 1072 732 et
1100 695 1230 733 sidera
1259 706 1347 733 voce
1375 697 1589 742 sequentem

472 754 588 793 700f.
1158 753 1362 802 (armaque
1389 753 1545 803 Lauso)

623 812 741 851 donat
769 813 907 852 habere
936 814 1080 852 umeris
1111 815 1146 851 et
1173 814 1310 852 vertice
1339 814 1455 862 jiqere
1485 814 1623 852 cristas

471 873 554 911 869
623 884 711 911 aere
741 875 857 920 caput
884 872 1039 920 fulqens
1068 874 1258 920 cristaque
1286 873 1459 912 hirsutus
1490 874 1631 921 equina

392 931 448 970 XI
500 932 552 970 18
621 943 734 970 arma
757 933 900 979 parate
930 933 1074 970 animis
1105 934 1139 970 et
1167 943 1234 980 spe
1256 934 1495 980 praesumite
1526 932 1665 971 bellum

503 991 556 1028 86
620 993 777 1039 pectora
807 1002 911 1029 nunc
939 990 1102 1038 foedans
1125 992 1283 1039 puqnis,
1314 1003 1419 1030 nunc
1447 992 1642 1040 wnquibus
1671 1003 1742 1030 ora

395 1044 439 1103 2)
470 1050 553 1088 Der
582 1049 879 1088 Parallelismus
910 1051 1009 1088 setzt
1041 1049 1123 1088 sich
1152 1049 1251 1088 iiber
1280 1050 1454 1089 mehrere
1479 1050 1601 1089 Verso
1631 1051 1723 1100 forb,
1753 1050 1878 1089 wobei
1909 1051 1972 1090 die

268 1109 624 1160 respondierenden
653 1108 825 1160 Begriffe
863 1109 923 1147 oft
961 1121 1011 1147 an
1048 1108 1199 1160 gleiche
1229 1108 1490 1158 Verssssellen,
1530 1123 1594 1147 am
1623 1109 1790 1148 liebsten
1827 1123 1878 1148 an
1909 1110 1971 1149 die

271 1168 452 1206 Schh'isse
484 1168 644 1219 gestent
674 1167 851 1207 werden:

320 1228 357 1266 b.
428 1230 464 1278 1,
486 1228 539 1266 59
549 1227 575 1265 f.
620 1229 708 1266 ante
739 1228 836 1266 leves
867 1238 954 1276 erqo
977 1230 1189 1276 pascentur
1219 1229 1262 1265 in
1292 1238 1455 1275 aequore
1484 1229 1585 1267 cervi

623 1289 658 1325 et
686 1287 788 1334 freta
818 1286 1022 1325 destituent
1049 1286 1176 1324 nudos
1205 1287 1249 1325 in
1279 1287 1387 1326 litore
1409 1288 1538 1336 pisces

430 1347 468 1395 3,
490 1346 591 1385 80ff.
623 1347 728 1385 triste
758 1346 874 1394 lupus
904 1345 1078 1390 stabulis,
1110 1347 1276 1384 maturis
1304 1347 1485 1395 fruqibus
1514 1347 1666 1392 imbres,

622 1406 827 1445 arboribus
856 1406 969 1449 venti,
1001 1406 1111 1444 nobis
1140 1403 1400 1454 Amaryllidis
1429 1407 1521 1445 irae.

626 1465 735 1504 dulce
764 1465 860 1503 satis
890 1475 1013 1509 umor,
1046 1465 1215 1513 depulsis
1245 1465 1407 1504 arbutus
1435 1465 1580 1510 haedis,

624 1525 728 1564 lenta
757 1524 860 1563 salix
890 1524 964 1571 feto
988 1525 1131 1572 pecori,
1163 1524 1258 1563 mihi
1287 1525 1392 1563 solas
1421 1522 1624 1573 Amyntas.

431 1584 468 1631 5,
491 1585 544 1622 10
552 1585 577 1622 f.
1147 1584 1276 1631 siquos
1306 1587 1375 1622 aut
1403 1584 1602 1633 Phyllidos
1630 1585 1737 1634 iqnes

624 1645 692 1682 aut
722 1640 882 1681 Alconis
911 1643 1027 1681 habes
1057 1643 1193 1681 laudes
1224 1646 1293 1681 aut
1321 1644 1452 1691 iurqia
1485 1642 1603 1682 Codri

431 1703 468 1751 6,
490 1703 579 1740 29f.
622 1713 690 1741 nec
720 1704 870 1740 tantum
901 1702 1050 1741 Phoebo
1078 1702 1222 1750 qaudet
1249 1702 1448 1741 Parnasia
1477 1714 1604 1751 rupes,

623 1773 692 1800 nec
723 1763 873 1800 tantum
902 1761 1084 1810 Rhodope
1113 1762 1281 1800 miratur
1312 1764 1346 1800 et
1374 1762 1556 1801 Ismarus
1589 1761 1740 1811 Orphea

330 1833 366 1871 g.
475 1820 494 1858 I
516 1821 574 1858 8f.
621 1820 836 1860 Chaoniam
857 1821 1000 1869 pmywt
1026 1820 1208 1870 qlandem
1236 1822 1401 1860 mutavit
1429 1822 1553 1860 arista

615 1881 831 1928 poculaque
859 1881 1025 1919 inventis
1054 1877 1237 1919 Acheloia
1266 1881 1418 1919 miscuit
1445 1882 1532 1919 uvis

490 1939 542 1977 22
553 1939 579 1977 f.
622 1941 761 1988 quique
790 1951 911 1978 novas
941 1940 1046 1978 alitis
1075 1950 1154 1978 non
1183 1940 1263 1977 ullo
1293 1941 1434 1979 semine
1463 1941 1596 1988 fruqes

625 2000 763 2048 quique
793 2000 889 2038 satis
919 1999 1074 2048 larqum
1103 1999 1206 2038 caelo
1237 1999 1430 2038 demittitis
1459 2000 1618 2038 imbrem

490 2058 543 2096 56
552 2058 590 2096 ff.
875 2069 1001 2097 nonne
1031 2058 1148 2102 vides,
1179 2069 1326 2097 croceos
1355 2061 1400 2097 ut
1430 2058 1587 2097 Tmolus
1617 2059 1763 2107 odores,

622 2118 745 2156 India
774 2118 889 2156 mittit
918 2118 1022 2167 ebur,
1052 2117 1184 2156 molles
1213 2129 1288 2156 sua
1318 2120 1409 2156 tura
1437 2117 1591 2163 Sabaei,

557 2191 559 2193 ยน
624 2180 665 2216 at
697 2176 884 2226 Chalybes
912 2176 1012 2215 nudi
1040 2177 1200 2224 ferrum,
1232 2178 1435 2225 virosaque
1464 2176 1611 2215 Pontus

622 2239 806 2281 castorea,
836 2236 1028 2275 Eliadum
1049 2236 1209 2284 palmas
1239 2236 1391 2285 Epirus
1422 2247 1608 2284 equarum

462 2296 544 2333 133
554 2296 590 2333 ff.
623 2299 665 2335 ut
695 2297 829 2334 varias
857 2306 954 2334 usus
983 2296 1203 2334 meditando
1234 2296 1454 2335 extunderet
1483 2299 1585 2335 artes

616 2356 824 2403 paulatim,
857 2357 891 2393 et
919 2355 1038 2393 sulcis
1067 2355 1253 2402 frumenti
1283 2357 1481 2403 quaereret
1508 2355 1677 2399 herbam,

622 2417 667 2452 ut
694 2415 815 2453 silicis
844 2416 950 2453 venis
981 2415 1203 2453 abstrusum
1234 2414 1431 2453 excuderet
1458 2416 1585 2463 iqnem

460 2473 541 2510 341
553 2474 578 2511 f.
623 2476 705 2512 tum
726 2475 895 2522 pinques
926 2474 1029 2522 aqni,
1061 2476 1095 2512 et
1125 2475 1206 2511 twm
1234 2473 1464 2512 mollissima
1494 2475 1598 2518 vina,

623 2535 704 2571 tum
734 2534 858 2571 somni
888 2533 1027 2578 dulces,
1059 2533 1271 2581 densaeque
1301 2534 1345 2571 in
1373 2533 1565 2572 montibus
1594 2532 1754 2571 umbrae

400 2590 439 2628 II
461 2591 578 2629 435f.
624 2595 693 2631 aut
721 2592 812 2631 illae
835 2593 968 2640 pecori
996 2592 1184 2639 frondem,
1217 2594 1286 2631 aut
1307 2592 1534 2639 pastoribus
1563 2592 1742 2630 wmbram

624 2652 838 2700 sufficiunt,
868 2663 1092 2700 saepemque
1121 2652 1228 2696 satis,
1260 2653 1295 2690 et
1315 2651 1468 2700 pabula
1497 2651 1602 2689 melli

379 2708 439 2747 III
461 2710 541 2748 171
553 2710 592 2748 ff.
878 2711 948 2750 alii
978 2711 1147 2750 taurinis
1176 2711 1333 2759 follibus
1364 2721 1487 2750 auras

624 2770 819 2818 accipiunt
847 2770 1095 2818 redduntque,
1128 2770 1200 2809 alii
1228 2769 1430 2808 stridentia
1460 2770 1610 2818 tinqwnt

624 2840 718 2868 aera
748 2829 837 2868 lacu

331 2900 363 2925 a.
398 2887 433 2924 X
456 2887 572 2925 179f.
1139 2886 1312 2937 Aspheae
1341 2888 1486 2936 oriyme
1514 2887 1643 2932 Pisae,

623 2947 716 2985 urbs
746 2947 917 2986 Etrusca
946 2947 1025 2986 solo

385 3005 442 3043 XI
464 3006 581 3044 237f.
1150 3009 1182 3045 et
1211 3016 1418 3045 maxumas
1449 3017 1541 3044 aevo

625 3067 660 3103 et
687 3066 837 3112 primus
866 3066 1024 3114 sceptris

365 3123 441 3162 XII
493 3124 547 3162 52
557 3124 582 3162 f.
1150 3136 1248 3172 quae
1277 3125 1377 3163 nube
1406 3124 1581 3172 fuqacem

621 3184 789 3231 feminea
820 3186 920 3233 teqat
950 3186 983 3222 et
1012 3185 1126 3224 vanis
1155 3194 1235 3223 sese
1264 3183 1411 3223 occulat
1438 3184 1597 3222 wmbris.
