2190 3470
315 197 373 240 62

315 317 382 349 195

314 704 383 735 200

312 1088 381 1120 205

312 1474 381 1506 210

311 1861 380 1894 215

312 2159 468 2202 FMPR

313 2247 382 2278 220

313 2634 382 2665 225

313 3021 382 3052 230

1093 197 1232 235 ΤΕΧΤ.

527 307 704 364 derigite
735 307 781 349 in
810 308 949 362 lucos,
979 307 1053 350 ubi
1083 308 1288 365 pinguem
1320 308 1436 352 dives
1468 312 1621 365 opacat

526 400 669 427 ramus
700 385 891 427 humum.
952 387 1085 440 tuque
1117 399 1141 427 o
1174 385 1313 428 dubiis
1343 400 1397 428 ne
1428 386 1560 429 defice
1590 387 1716 429 rebus

527 462 624 503 diva
653 462 829 516 parens'.
893 462 954 504 sic
985 462 1153 517 effatus,
1185 462 1365 519 vestigia
1394 464 1561 519 pressit,

527 539 755 581 observans
787 553 895 594 quae
926 539 1047 596 signa
1077 540 1234 595 ferant,
1266 554 1350 595 quo
1380 541 1553 583 tendere
1582 544 1780 598 pergant:

525 619 746 671 pascentes
776 616 875 659 illae
905 619 1072 659 tantum
1104 617 1274 672 prodire
1305 617 1501 672 volando,

529 696 735 748 quantum
767 694 857 736 acie
886 697 1061 749 possent
1093 694 1205 736 oculi
1237 709 1402 736 servare
1433 697 1695 749 sequentum.

526 770 624 812 inde
654 770 728 812 ubi
759 785 911 813 venere
942 771 994 813 ad
1024 770 1168 813 fauces
1200 771 1482 827 graveolentis
1514 770 1686 826 Averni,

525 848 685 889 tollunt
716 862 760 889 se
792 848 965 902 celeres,
995 847 1292 903 liquidumque
1322 863 1399 903 per
1429 851 1526 890 aera
1555 849 1712 904 lapsae,

526 924 694 966 sedibus
727 924 904 979 optatis,
935 925 1106 981 gemina
1137 940 1264 980 super
1294 925 1443 968 arbore
1475 926 1629 981 sidunt,

526 1001 709 1044 discolor
739 1001 850 1043 unde
882 1002 974 1044 auri
1004 1016 1080 1057 per
1110 1016 1251 1044 ramos
1283 1017 1386 1044 aura
1415 1002 1592 1046 refulsit.

527 1079 651 1134 quale
683 1079 792 1120 solet
822 1079 940 1120 silvis
971 1079 1156 1121 brumali
1186 1079 1345 1136 frigore
1377 1080 1541 1122 viscum

523 1155 672 1197 fronde
703 1155 838 1197 virere
868 1169 998 1210 nova,
1029 1156 1144 1210 quod
1173 1170 1262 1198 non
1293 1171 1370 1198 sua
1401 1157 1582 1198 seminat
1612 1156 1749 1211 arbos,

524 1235 566 1274 et
598 1246 745 1275 croceo
776 1232 867 1274 fetu
898 1232 1043 1274 teretis
1077 1232 1338 1275 circumdare
1367 1236 1559 1276 truncos:

523 1310 621 1352 talis
653 1312 743 1352 erat
774 1309 936 1364 species
968 1310 1060 1352 auri
1090 1309 1327 1352 frondentis
1360 1324 1493 1366 opaca

524 1387 638 1442 ilice,
670 1387 731 1430 sic
760 1387 847 1429 lem'
879 1387 1114 1442 crepitabat
1144 1387 1310 1429 brattea
1339 1390 1486 1444 vent03

526 1464 703 1519 corripit
732 1463 898 1507 Aeneas
931 1465 1165 1519 extemplo,
1196 1464 1429 1519 avidusque
1459 1464 1656 1522 refringit

524 1544 814 1596 cunctantem,
846 1543 888 1584 et
918 1541 1027 1583 vatis
1058 1543 1203 1596 portat
1235 1541 1312 1583 sub
1344 1544 1458 1584 tecta
1489 1540 1687 1598 Sibyllae.

594 1618 687 1663 Nec
717 1620 859 1662 minus
890 1619 1052 1661 interea
1080 1618 1292 1661 Misenum
1324 1619 1369 1661 in
1398 1619 1525 1661 litore
1555 1618 1707 1661 Teucri

525 1696 703 1751 flebant,
734 1699 776 1738 et
808 1696 938 1739 cineri
969 1696 1137 1753 ingrato
1170 1710 1368 1751 suprema
1397 1696 1599 1738 ferebant.

524 1774 736 1829 principio
768 1774 972 1830 pinguem
1003 1773 1138 1815 taedis
1170 1776 1212 1815 et
1242 1773 1394 1816 robore
1426 1776 1541 1816 secto

526 1851 744 1908 ingentem
777 1853 967 1893 struxere
998 1865 1167 1906 pyram,
1200 1850 1269 1893 cui
1298 1850 1520 1892 frondibus
1553 1851 1653 1892 atris

526 1928 724 1970 intexunt
754 1928 905 1983 latera,
937 1930 979 1970 et
1008 1928 1151 1971 feralis
1184 1931 1282 1971 ante
1314 1942 1535 1984 cupressos

528 2006 812 2060 constituunt,
843 2005 1128 2061 decorantque
1160 2021 1287 2061 super
1316 2006 1579 2063 fulgentibus
1611 2006 1749 2048 armis.

527 2097 625 2138 pars
658 2083 816 2125 calidos
847 2083 995 2125 latices
1027 2085 1070 2125 et
1101 2086 1206 2125 aena
1235 2083 1440 2125 undantia
1470 2083 1655 2125 flammis

525 2160 772 2215 expediunt,
804 2173 1043 2215 corpusque
1073 2161 1218 2202 lavant
1248 2160 1444 2217 frigentis
1476 2163 1518 2202 et
1548 2163 1725 2217 ungunt.

526 2237 576 2279 fit
607 2237 801 2293 gemitus.
864 2239 957 2279 tum
989 2237 1180 2279 membra
1210 2240 1305 2280 toro
1337 2238 1489 2280 defleta
1519 2240 1744 2293 reponunt,

525 2329 846 2370 purpureasque
878 2329 1005 2370 super
1035 2317 1191 2370 vestes,
1222 2315 1434 2358 velamina
1463 2317 1579 2370 nota,

528 2392 762 2447 coniciunt3
793 2406 891 2447 pars
923 2392 1088 2449 ingenti
1119 2392 1285 2435 subiere
1314 2392 1483 2447 feretro,

525 2469 647 2511 triste
677 2469 981 2524 ministerium,
1012 2472 1054 2511 et
1085 2470 1318 2512 subiectam
1351 2484 1469 2512 more
1499 2472 1724 2525 parentum

526 2546 663 2588 aversi
693 2549 868 2589 tenuere
898 2546 1054 2602 facem3
1086 2549 1288 2603 congesta
1319 2549 1560 2589 cremantur

525 2626 647 2666 turea
678 2623 806 2679 dona,
837 2624 984 2679 dapes,
1014 2623 1111 2666 fuso
1144 2626 1324 2666 crateres
1357 2624 1481 2665 olivo.

525 2703 755 2756 postquam
788 2701 979 2756 conlapsi
1012 2701 1189 2756 cineres,
1221 2704 1263 2743 et
1294 2701 1468 2743 flamma
1499 2700 1671 2755 quievit,

525 2778 725 2832 reliquias
757 2778 856 2819 vino
889 2781 932 2820 et
961 2778 1151 2820 bibulam
1182 2779 1323 2820 lavere
1353 2778 1556 2831 favillam,

527 2869 706 2910 ossaque
736 2855 848 2897 lecta
879 2855 983 2897 cado
1014 2855 1122 2897 texit
1154 2853 1397 2910 Corynaeus
1429 2857 1545 2896 aeno.

526 2932 637 2974 idem
668 2935 734 2974 ter
765 2932 902 2974 socios
933 2947 1042 2986 pura
1073 2932 1334 2974 circumtulit
1365 2931 1490 2985 unda,

526 3023 728 3066 spargens
759 3023 854 3051 rore
884 3009 969 3051 levi
1001 3012 1043 3051 et
1072 3023 1192 3051 ramo
1223 3008 1359 3051 felicis
1392 3008 1540 3063 olivae,

409 3194 477 3225 203
503 3190 676 3237 geminae
700 3190 738 3226 R
