2132 3470
255 199 311 242 88

257 552 326 584 640

257 938 324 970 645

255 1325 324 1358 650

256 1712 322 1745 655

255 2100 324 2132 660

256 2486 323 2519 665

1036 199 1175 237 ΤΕΧΤ.

537 307 618 351 His
650 309 820 351 demum
853 309 1030 365 exactis,
1060 309 1251 366 perfecto
1282 324 1457 353 munere
1489 311 1623 367 divae,

467 387 671 430 devenere
701 386 819 429 locos
850 386 1004 442 laetos,
1035 389 1078 429 et
1109 401 1288 430 amoena
1318 387 1478 431 virecta

467 464 782 506 fortunatorum
813 478 1055 520 nemorum,
1086 464 1291 520 sedesque
1320 465 1477 509 beatas.

468 541 627 598 largior
657 541 728 584 hic
760 555 933 597 campos
965 541 1128 597 aether,
1160 544 1202 584 et
1230 542 1393 585 lumine
1423 544 1552 587 vestit

467 633 700 674 purpureo,
731 619 951 675 solemque
983 633 1126 675 suum,
1157 633 1234 662 sua
1265 620 1402 663 sidera
1431 624 1599 665 norunt.

465 710 563 752 pars
595 696 640 738 in
670 696 899 753 gramineis
931 699 1129 739 exercent
1160 698 1351 740 membra
1380 698 1615 755 palaestris,

467 773 728 816 contendunt
758 773 879 829 ludo,
911 777 953 816 et
982 774 1102 817 fulva
1131 774 1349 817 luctantur
1378 775 1554 832 harena3

465 864 563 906 pars
594 850 773 906 pedibus
804 851 1015 906 plaudunt
1047 852 1239 907 choreas,
1271 854 1313 894 et
1344 853 1532 895 carmina
1562 853 1718 897 dicunt.

467 942 546 971 nec
576 943 664 971 non
695 927 941 971 Thraeicius
971 929 1103 986 longa
1134 944 1230 972 cum
1262 931 1380 973 veste
1411 931 1618 987 sacerdos,

467 1005 714 1061 obloquitur
743 1006 931 1049 numeris
964 1009 1127 1062 septem
1159 1006 1404 1050 discrimina
1434 1022 1601 1064 vocum,

466 1083 637 1138 iamque
669 1083 814 1125 eadem
847 1083 1010 1140 digitis,
1040 1083 1126 1125 iam
1156 1084 1325 1139 pectine
1355 1085 1498 1140 pulsat
1529 1086 1701 1129 eburno.

466 1160 537 1203 hic
568 1174 702 1217 genus
734 1160 958 1215 antiquum
990 1159 1160 1216 Teucri,
1190 1161 1479 1216 pulcherrima
1507 1163 1662 1218 proles,

468 1237 731 1294 magnanimi
761 1238 930 1293 heroes,
960 1238 1051 1280 nati
1083 1237 1330 1280 melioribus
1363 1239 1497 1294 annis,

467 1314 640 1370 Ilusque
671 1314 1008 1371 Assaracusque,
1039 1317 1082 1358 et
1113 1314 1264 1358 Troiae
1295 1315 1518 1359 Dardanus
1551 1319 1708 1361 auctor.

467 1408 585 1435 arma
614 1393 767 1448 procul
797 1407 1029 1448 currusque
1060 1393 1199 1436 virum
1232 1393 1411 1436 miratur
1441 1394 1597 1451 inanis3

467 1472 582 1513 stant
611 1472 725 1512 terra
756 1470 919 1513 defixae
950 1470 1117 1526 hastae,
1146 1471 1391 1527 passimque
1423 1472 1553 1515 soluti

467 1563 543 1604 per
574 1561 772 1603 campum
804 1550 1039 1603 pascuntur
1070 1548 1186 1604 equi3
1218 1563 1327 1603 quae
1357 1550 1496 1606 gratia
1526 1564 1695 1594 currum

469 1639 770 1679 armorumque
799 1624 884 1667 fuit
914 1625 1041 1680 vivis,
1073 1639 1181 1680 quae
1212 1639 1314 1668 cura
1343 1626 1520 1669 nitentis

467 1715 640 1758 pascere
671 1716 822 1757 equos,
853 1702 999 1745 eadem
1032 1703 1225 1758 sequitur
1254 1703 1407 1746 tellure
1437 1706 1642 1760 repostos.

467 1779 676 1835 conspicit
708 1794 804 1823 ecce
836 1780 941 1823 alios
974 1780 1122 1823 dextra
1151 1781 1357 1836 laevaque
1387 1796 1464 1837 per
1493 1783 1670 1826 herbam

467 1857 695 1912 vescentis,
724 1857 970 1913 laetumque
1003 1858 1133 1901 choro
1164 1873 1328 1915 paeana
1358 1860 1560 1916 canentis,

467 1935 577 1977 inter
608 1934 832 1977 odoratum
862 1935 973 1978 lauri
1003 1950 1172 1991 nemus,
1203 1936 1315 1979 unde
1347 1951 1528 1992 superne

466 2012 676 2068 plurimus
707 2011 884 2055 Eridani
914 2027 991 2068 per
1021 2013 1172 2056 silvam
1204 2014 1393 2057 volvitur
1423 2015 1570 2057 amnis.

467 2089 538 2132 hic
569 2104 719 2133 manus
752 2090 805 2132 ob
837 2090 1019 2146 patriam
1051 2091 1282 2148 pugnando
1313 2092 1488 2134 volnera
1517 2092 1650 2149 passi3

468 2167 625 2222 quique
657 2168 895 2211 sacerdotes
928 2168 1052 2224 casti,
1084 2169 1185 2211 dum
1216 2169 1306 2212 vita
1336 2170 1551 2226 manebat3

467 2244 624 2300 quique
655 2245 717 2301 pii
748 2248 885 2301 vates,
916 2248 958 2289 et
988 2245 1163 2289 Phoebo
1195 2246 1325 2303 digna
1354 2247 1507 2304 locuti3

467 2321 659 2365 inventas
692 2325 766 2365 aut
797 2323 871 2378 qui
900 2323 1034 2366 vitam
1066 2324 1288 2367 excoluere
1318 2339 1395 2380 per
1426 2325 1546 2381 artis3

467 2399 625 2454 quique
657 2400 723 2442 sui
753 2415 962 2443 memores
994 2401 1159 2456 aliquos
1190 2401 1328 2445 fecere
1358 2402 1577 2445 merendo:

469 2477 665 2519 omnibus
696 2478 763 2519 his
794 2478 920 2521 nivea
950 2478 1180 2535 cinguntur
1208 2481 1404 2535 tempora
1434 2480 1551 2522 vitta.

467 2568 574 2609 quos
607 2555 887 2598 circumfusos
918 2555 980 2599 sic
1011 2558 1075 2598 est
1106 2556 1248 2599 adfata
1279 2555 1455 2613 Sibylla,

465 2630 687 2674 Musaeum
720 2635 817 2676 ante
849 2633 1006 2689 omnis,
1036 2633 1224 2676 medium
1254 2649 1354 2677 nam
1385 2635 1570 2690 plurima
1598 2635 1724 2677 turba

465 2709 580 2751 hunc
610 2710 757 2765 habet,
789 2712 916 2765 atque
946 2711 1103 2754 umeris
1135 2713 1373 2754 exstantem
1404 2712 1583 2768 suspicit
1613 2711 1720 2754 altis.

469 2786 612 2829 ‘dieite
642 2787 788 2830 felices
821 2788 1005 2843 animae,
1035 2790 1168 2844 tuque
1199 2789 1361 2845 optime
1390 2791 1527 2833 vates:

348 3202 416 3235 651
442 3199 625 3235 mirantur
649 3200 735 3236 MR
830 3203 898 3236 652
923 3201 1045 3236 terrae
1069 3202 1111 3237 F
1204 3204 1272 3237 664
1298 3200 1391 3237 alios
1417 3201 1473 3237 F*
