2190 3470
334 239 390 283 74
1113 237 1252 274 TEXT.

543 351 760 392 aeternum
791 348 969 403 latrans,
1000 347 1226 404 exsanguis
1256 349 1413 390 terreat
1442 348 1626 404 umbras,

544 429 660 470 casta
688 426 790 468 licet
818 425 960 481 patrui
991 427 1130 468 servet
1158 424 1413 481 Proserpina
1442 425 1591 468 limen:

543 503 695 546 Troius
726 501 893 546 Aeneas
923 503 1082 559 pietate
1113 502 1293 559 insignis
1325 505 1367 545 et
1398 503 1539 559 armis,

544 581 597 623 ad
628 581 864 637 genitorem
895 580 1002 623 imas
1033 580 1162 622 Erebi
1194 580 1411 623 descendit
1441 581 1494 623 ad
1524 581 1707 624 umbras.

331 670 401 702 405
545 659 580 701 si
610 661 653 701 te
683 658 803 701 nulla
833 660 977 701 movet
1006 660 1150 700 tantae
1180 657 1352 714 pietatis
1383 657 1539 715 imago,

544 738 588 778 at
617 750 783 778 ramum
813 736 928 779 hunc
959 760 1003 765 ——
1035 735 1172 791 aperit
1200 750 1366 778 ramum
1399 735 1472 791 qui
1502 737 1620 778 veste
1650 736 1811 779 latebat
1841 762 1886 767 —

545 813 794 870 adgnoscas’
828 838 872 843 —
904 813 1068 856 tumida
1099 828 1151 856 ex
1182 812 1244 855 ira
1273 815 1367 855 tum
1399 813 1526 856 corda
1555 813 1747 856 residunt
1777 839 1821 844 —

543 905 622 934 nec
651 891 775 947 plura
805 890 883 933 his.
945 891 1018 933 ille
1049 891 1261 933 admirans
1292 891 1532 933 venerabile
1564 890 1722 933 donum

543 968 684 1011 fatalis
715 968 876 1025 virgae,
906 968 1038 1025 longo
1068 970 1168 1024 post
1197 970 1389 1024 tempore
1420 967 1572 1023 visum,

333 1056 402 1088 410
545 1046 779 1088 caeruleam
811 1045 992 1088 advertit
1021 1045 1201 1101 puppim
1231 1045 1434 1100 ripaeque
1463 1045 1732 1101 propinquat.

543 1123 641 1165 inde
672 1123 775 1165 alias
807 1123 968 1164 animas
1001 1137 1109 1177 quae
1139 1137 1216 1178 per
1245 1122 1346 1178 iuga
1376 1122 1507 1178 longa
1538 1122 1743 1164 sedebant

546 1200 742 1243 deturbat
771 1200 971 1254 laxatque
1001 1199 1139 1254 foros,
1171 1199 1299 1241 simul
1329 1199 1485 1255 accipit
1515 1199 1635 1242 alveo

545 1277 762 1334 ingentem
793 1275 988 1319 Aenean:
1020 1276 1184 1333 gemuit
1215 1276 1293 1319 sub
1324 1276 1511 1332 pondere
1543 1276 1696 1319 cumba

546 1354 703 1410 sutilis,
734 1356 777 1397 et
807 1354 985 1396 multam
1017 1354 1182 1410 accepit
1211 1354 1370 1396 rimosa
1399 1354 1610 1410 paludem.

333 1443 402 1476 415
546 1431 717 1475 tandem
748 1434 865 1474 trans
896 1431 1074 1474 fluvium
1106 1431 1332 1475 incolumis
1363 1434 1589 1487 vatemque
1620 1431 1855 1488 virumque,

547 1510 719 1552 informi
749 1509 852 1552 limo
884 1509 1119 1566 glaucaque
1151 1508 1326 1565 exponit
1356 1509 1401 1551 in
1431 1509 1541 1552 ulva.

619 1585 823 1629 Cerberus
854 1587 959 1629 haec
990 1586 1139 1643 ingens
1169 1587 1327 1628 latratu
1357 1601 1489 1643 regna
1517 1586 1688 1629 trifauci

546 1666 765 1720 personat,
796 1663 971 1706 adverso
1002 1663 1209 1706 recubans
1240 1663 1437 1706 immanis
1468 1664 1514 1706 in
1544 1666 1685 1720 antro3

548 1742 616 1784 cui
646 1744 765 1784 vates
795 1741 967 1783 horrere
998 1740 1145 1784 videns
1177 1741 1262 1783 iam
1294 1741 1404 1784 colla
1435 1741 1632 1797 colubris,

335 1830 404 1862 420
548 1819 675 1862 melle
706 1820 948 1875 soporatam
980 1820 1023 1860 et
1053 1818 1272 1861 medicatis
1304 1818 1498 1875 frugibus
1531 1819 1658 1861 offam

549 1896 689 1939 obicit.
752 1896 824 1938 ille
854 1895 967 1938 fame
997 1896 1143 1938 rabida
1172 1895 1255 1938 tria
1285 1898 1460 1952 guttura
1489 1895 1692 1952 pandens,

550 1974 724 2030 corripit
755 1973 984 2029 obiectam,
1015 1976 1143 2029 atque
1173 1973 1376 2015 immania
1405 1975 1526 2030 terga
1555 1973 1730 2016 resolvit

548 2052 668 2094 fusus
699 2051 837 2106 humi,
866 2053 1045 2106 totoque
1075 2051 1225 2108 ingens
1258 2050 1500 2093 extenditur
1530 2053 1662 2094 antro.

336 2129 458 2172 MPR
550 2131 730 2185 occupat
760 2127 927 2171 Aeneas
958 2128 1120 2171 aditum
1153 2128 1327 2171 custode
1359 2129 1539 2184 sepulto,

337 2217 406 2249 425
551 2206 773 2262 evaditque
806 2206 917 2249 celer
945 2206 1083 2262 ripam
1113 2206 1397 2249 inremeabilis
1428 2206 1575 2248 undae.

622 2282 834 2326 Continuo
865 2283 1033 2325 auditae
1063 2297 1208 2338 voces,
1238 2283 1407 2340 vagitus
1439 2286 1482 2326 et
1511 2283 1674 2340 ingens,

551 2361 846 2416 infantumque
877 2360 1042 2403 animae
1073 2360 1242 2416 flentes,
1272 2361 1317 2403 in
1346 2360 1494 2403 limine
1524 2360 1662 2416 primo

552 2453 657 2494 quos
690 2439 826 2482 duleis
857 2439 969 2482 vitae
1001 2439 1180 2481 exsortis
1212 2441 1255 2480 et
1284 2438 1336 2480 ab
1368 2438 1496 2480 ubere
1526 2439 1683 2493 raptos,

551 2517 727 2559 abstulit
757 2519 848 2559 atra
879 2516 967 2559 dies
999 2518 1042 2559 et
1071 2516 1219 2558 funere
1250 2515 1398 2557 mersit
1428 2515 1590 2557 acerbo.

339 2605 408 2637 430
552 2595 630 2636 hos
662 2594 782 2636 iuxta
811 2594 920 2636 falso
952 2593 1141 2636 damnati
1173 2593 1348 2636 crimine
1378 2591 1546 2647 mortis;

551 2685 630 2714 nec
660 2685 759 2714 vero
790 2672 871 2713 hae
903 2671 993 2714 sine
1024 2673 1137 2713 sorte
1168 2670 1308 2725 datae,
1339 2670 1429 2712 sine
1459 2668 1597 2711 iudice
1628 2668 1767 2711 sedes:

554 2749 769 2804 quaesitor
797 2748 938 2791 Minos
968 2763 1119 2791 urnam
1150 2750 1311 2803 movet,
1341 2747 1413 2790 ille
1445 2746 1644 2790 silentum
