2190 3470
293 230 348 273 76
1081 229 1221 265 ΤΕΧΤ.

510 339 821 394 consiliumque
852 341 995 395 vocat,
1025 339 1220 394 vitasque
1252 324 1309 382 et⁴
1326 340 1503 382 crimina
1534 340 1669 383 discit.

506 417 702 473 proxima
733 416 883 459 deinde
912 419 1061 459 tenent
1091 417 1243 459 maesti
1273 417 1386 472 loca,
1418 418 1491 473 qui
1523 418 1604 460 sibi
1633 419 1768 461 letum

291 505 364 537 435
509 495 698 537 insontes
730 509 932 550 peperere
962 509 1111 550 manu,
1140 495 1366 550 lucemque
1396 495 1539 551 perosi

505 572 720 628 proiecere
752 572 934 628 animas3
966 587 1094 627 quam
1125 572 1285 614 vellent
1316 572 1486 615 aethere
1516 572 1562 614 in
1592 573 1679 615 alto

507 664 622 693 nunc
653 652 696 692 et
725 650 973 706 pauperiem
1005 652 1048 692 et
1080 649 1206 692 duros
1237 649 1424 705 perferre
1454 650 1639 692 labores:

505 728 570 770 fas
602 728 762 783 obstat,
792 727 1013 782 tristisque
1043 727 1166 783 palus
1198 727 1438 769 inamabilis
1470 727 1608 770 undae

506 805 672 862 alligat,
704 808 747 847 et
776 805 954 847 noviens
987 803 1096 860 Styx
1126 803 1334 847 interfusa
1364 807 1540 847 coercet.

292 894 363 925 440
506 897 585 925 nec
615 883 767 939 procul
796 882 898 925 hinc
927 885 1092 938 partem
1123 882 1209 924 fusi
1239 884 1531 925 monstrantur
1561 882 1605 925 in
1637 897 1806 925 omnem

505 961 701 1017 lugentes
734 960 891 1015 campi,
923 960 984 1002 sic
1013 959 1111 1002 illos
1142 959 1315 1002 nomine
1347 959 1504 1002 dicunt.

507 1038 578 1080 hic
609 1052 716 1093 quos
748 1037 877 1079 durus
909 1051 1029 1079 amor
1060 1037 1219 1079 crudeli
1249 1037 1348 1079 tabe
1378 1036 1543 1092 peredit

508 1115 658 1158 secreti
690 1115 830 1157 celant
861 1114 1007 1169 calles,
1039 1116 1082 1156 et
1112 1116 1278 1156 murtea
1309 1114 1468 1156 circum

508 1192 615 1235 silva
643 1192 771 1249 tegit,
803 1206 927 1234 curae
957 1205 1045 1234 non
1075 1190 1169 1246 ipsa
1199 1190 1244 1233 in
1274 1192 1412 1233 morte
1441 1190 1697 1246 relinquont.

293 1280 363 1312 445
506 1269 573 1312 his
604 1269 840 1311 Phaedram
871 1268 1148 1324 Procrimque
1178 1268 1303 1323 locis,
1334 1270 1625 1324 maestamque
1655 1251 1893 1324 Eriphylen

508 1346 689 1390 crudelis
719 1346 810 1389 nati
842 1348 1150 1389 monstrantem
1182 1346 1357 1389 volnera
1388 1346 1534 1401 cernit,

510 1424 803 1480 Euadnenque
834 1426 877 1466 et
906 1423 1167 1480 Pasiphaen3
1197 1424 1264 1466 his
1296 1423 1528 1466 Laodamia
1694 1483 1698 1486 Δ

508 1503 543 1545 it
574 1517 734 1558 comes,
766 1505 809 1545 et
839 1502 1004 1545 iuvenis
1038 1501 1251 1557 quondam
1283 1515 1398 1544 nunc
1427 1500 1587 1543 femina
1619 1499 1821 1556 Caeneus,

507 1594 653 1623 rursus
685 1582 728 1622 et
758 1580 803 1622 in
834 1582 1021 1622 veterem
1051 1579 1142 1622 fato
1173 1579 1367 1622 revoluta
1397 1579 1590 1635 figuram.

295 1668 366 1701 450
511 1657 622 1700 inter
654 1671 758 1712 quas
789 1656 1024 1699 Phoenissa
1054 1670 1200 1699 recens
1232 1670 1258 1698 a
1287 1656 1459 1699 volnere
1490 1655 1602 1698 Dido

510 1735 676 1777 errabat
707 1735 814 1778 silva
844 1735 890 1776 in
920 1748 1093 1791 magna3
1125 1748 1253 1789 quam
1284 1732 1436 1775 Troius
1467 1733 1593 1775 heros

509 1814 558 1855 ut
587 1812 773 1868 primum
804 1811 923 1854 iuxta
954 1812 1090 1867 stetit,
1121 1810 1409 1868 adgnovitque
1439 1825 1516 1866 per
1546 1810 1717 1853 umbras
1747 1836 1793 1841 -

510 1890 753 1944 obscuram,
785 1889 954 1945 qualem
986 1889 1125 1945 primo
1158 1888 1232 1944 qui
1263 1902 1435 1945 surgere
1466 1902 1611 1930 mense

511 1969 584 2009 aut
615 1967 731 2010 videt
761 1969 836 2009 aut
866 1966 1022 2009 vidisse
1052 1968 1176 2022 putat
1206 1980 1283 2022 per
1312 1965 1460 2008 nubila
1489 1966 1635 2008 lunam
1666 1990 1711 1995 —

297 2056 366 2089 455
513 2044 683 2087 demisit
711 2044 926 2099 lacrimas,
958 2043 1156 2099 dulcique
1187 2043 1355 2086 adfatus
1386 2057 1529 2085 amore
1561 2045 1634 2085 est.

513 2122 677 2164 ‘infelix
707 2121 839 2177 Dido,
869 2136 994 2165 verus
1026 2121 1133 2164 mihi
1162 2120 1338 2163 nuntius
1371 2135 1472 2177 ergo

512 2202 702 2255 venerat,
734 2199 965 2242 extinctam
995 2199 1194 2254 ferroque
1225 2201 1414 2241 extrema
1445 2200 1654 2254 secutam;

512 2277 672 2320 funeris
704 2277 789 2319 heu
818 2277 899 2320 tibi
930 2291 1056 2319 causa
1086 2276 1168 2333 fui3
1197 2291 1274 2332 per
1305 2275 1442 2318 sidera
1471 2275 1578 2331 iuro,

512 2370 588 2411 per
619 2369 813 2411 superos,
844 2357 886 2397 et
917 2354 953 2397 si
985 2369 1069 2410 qua
1098 2354 1203 2396 fides
1233 2354 1386 2396 tellure
1418 2353 1496 2396 sub
1527 2353 1614 2395 ima
1643 2355 1725 2395 est:

300 2444 370 2476 460
514 2432 673 2475 invitus
704 2433 852 2489 regina
881 2434 956 2475 tuo
989 2432 1040 2474 de
1070 2431 1196 2474 litore
1227 2431 1345 2474 cessi.

515 2510 587 2552 sed
618 2524 686 2551 me
717 2509 833 2552 iussa
863 2509 989 2552 deum
1022 2524 1130 2565 quae
1159 2523 1275 2552 nunc
1303 2509 1381 2551 has
1413 2508 1474 2551 ire
1504 2523 1581 2564 per
1610 2507 1796 2562 umbras,

513 2602 589 2642 per
619 2588 714 2629 loca
745 2589 865 2629 senta
896 2587 981 2630 situ
1012 2589 1172 2643 cogunt
1201 2589 1456 2641 noctemque
1487 2584 1754 2641 profundam,

515 2665 704 2720 imperiis
736 2679 859 2721 egere
891 2665 997 2720 suis3
1027 2678 1106 2707 nec
1137 2663 1305 2707 credere
1338 2663 1467 2718 quivi,

515 2743 631 2785 hunc
659 2744 828 2784 tantum
858 2742 939 2784 tibi
970 2757 1038 2784 me
1070 2741 1259 2784 discessu
1288 2740 1398 2783 ferre
1430 2739 1629 2782 dolorem.

303 2831 372 2864 465
517 2820 618 2862 siste
649 2819 845 2876 gradum,
875 2821 1003 2874 teque
1034 2819 1237 2875 adspectu
1267 2833 1321 2861 ne
1353 2817 1553 2860 subtrahe
1583 2817 1747 2858 nostro:

517 2911 643 2953 quem
674 2896 817 2953 fugis?
849 2899 1085 2939 extremum
1116 2896 1205 2939 fato
1238 2895 1352 2951 quod
1381 2896 1425 2937 te
1456 2894 1663 2949 adloquor
1692 2893 1776 2935 hoc
1806 2893 1897 2935 est’.

401 3189 469 3221 433
502 3184 775 3230 conciliumque
806 3185 892 3221 MR
1040 3188 1109 3220 438
1143 3184 1247 3220 unda
1278 3183 1327 3227 R,
1357 3181 1505 3219 Servius
1653 3183 1722 3216 445
1754 3178 1905 3216 Procrin
1935 3178 2009 3216 PR

307 3236 375 3269 447
401 3233 682 3278 Euhadnenque
707 3234 744 3269 P
766 3232 1087 3279 (Heuhadnenque
1111 3233 1162 3278 R)
1259 3234 1327 3267 452
1352 3229 1524 3265 umbram
1549 3229 1599 3264 M
