2132 3470
283 241 339 286 98

282 519 351 551 810

280 906 349 938 815

277 1294 347 1326 820

275 1682 344 1714 825

219 2051 222 2055 ’
275 2067 343 2099 830

274 2452 342 2484 835

272 2839 342 2870 840

1065 241 1204 280 ΤΕΧΤ.

495 354 590 409 quis
622 353 773 410 procul
803 354 875 396 ille
907 356 1069 409 autem,
1099 354 1228 396 ramis
1260 354 1439 411 insignis
1472 354 1621 410 olivae,

495 445 614 474 sacra
644 431 812 473 ferens?
872 446 1003 474 nosco
1036 432 1163 474 crinis
1195 432 1430 487 incanaque
1461 434 1606 475 menta

494 509 606 565 regis
638 508 822 551 Romani
828 542 840 564 ,
870 509 1052 564 primam
1084 509 1158 563 qui
1187 509 1354 566 legibus
1385 510 1533 552 urbem

492 586 708 641 fundabit,
740 584 920 628 Curibus
951 586 1093 642 parvis
1126 588 1168 628 et
1198 601 1385 642 paupere
1413 589 1528 629 terra

494 663 648 705 missus
680 663 725 705 in
756 663 982 719 imperium
1013 678 1228 720 magnum.
1291 664 1359 706 cui
1391 664 1540 707 deinde
1572 665 1731 707 subibit

495 741 583 783 otia
613 741 687 796 qui
717 743 889 796 rumpet
918 741 1099 796 patriae,
1129 741 1372 796 residesque
1402 742 1592 784 movebit

492 818 642 861 Tullus
674 819 719 860 in
750 833 867 861 arma
897 819 1011 861 viros
1043 820 1085 860 et
1116 818 1201 860 iam
1233 818 1407 861 desueta
1436 819 1666 874 triumphis

494 896 675 953 agmina.
738 910 866 951 quem
898 896 1017 937 iuxta
1048 895 1240 950 sequitur
1270 896 1497 938 iactantior
1526 895 1685 951 Ancus,

490 987 604 1016 nunc
636 987 806 1028 quoque
838 973 923 1015 iam
953 973 1134 1015 nimium
1166 973 1354 1029 gaudens
1385 974 1663 1029 popularibus
1696 974 1819 1016 auris.

491 1051 554 1093 vis
587 1053 629 1093 et
660 1050 913 1105 Tarquinios
944 1064 1064 1106 reges
1097 1050 1368 1105 animamque
1400 1051 1638 1106 superbam,

490 1128 642 1170 ultoris
674 1127 798 1169 Bruti
828 1127 1050 1182 fascesque
1080 1127 1223 1170 videre
1253 1127 1477 1182 receptos?

491 1206 677 1248 consulis
709 1205 935 1260 imperium
967 1204 1038 1246 hic
1068 1204 1231 1259 primus
1264 1218 1495 1259 saevasque
1526 1219 1692 1247 secures
1754 1256 1756 1259 Α

492 1283 688 1338 accipiet,
718 1284 927 1336 natosque
958 1284 1080 1337 pater
1109 1296 1222 1324 nova
1252 1282 1365 1324 bella
1396 1283 1620 1337 moventis,

490 1361 542 1402 ad
573 1374 755 1415 poenam
786 1359 966 1415 pulchra
995 1374 1073 1414 pro
1104 1359 1301 1401 libertate
1331 1359 1514 1414 vocabit,

490 1437 656 1492 infelix,
685 1439 917 1491 utcumque
947 1436 1085 1478 ferent
1117 1451 1166 1478 ea
1196 1436 1310 1478 facta
1340 1437 1542 1479 minores:

488 1516 631 1558 vincet
662 1529 782 1556 amor
811 1514 992 1570 patriae,
1022 1514 1282 1569 laudumque
1313 1514 1520 1561 immensa
1552 1514 1716 1570 cupido.

489 1593 593 1647 quin
624 1592 779 1634 Decios
811 1591 1059 1646 Drusosque
1089 1592 1258 1647 procul,
1290 1605 1546 1646 saevomque
1577 1592 1715 1634 securi

489 1670 631 1725 aspice
662 1669 947 1724 Torquatum,
979 1671 1020 1711 et
1051 1668 1303 1711 referentem
1336 1669 1458 1724 signa
1489 1667 1726 1710 Camillum.

488 1748 586 1789 illae
618 1749 759 1789 autem
790 1746 963 1802 paribus
996 1760 1100 1801 quas
1131 1745 1296 1802 fulgere
1327 1746 1463 1788 cernis
1495 1746 1539 1787 in
1571 1746 1711 1801 armis,

488 1824 717 1867 concordes
749 1824 914 1865 animae
944 1837 1058 1865 nunc
1090 1825 1131 1865 et
1163 1823 1264 1864 dum
1294 1825 1420 1865 nocte
1450 1825 1713 1878 premuntur,

487 1902 571 1944 heu
603 1903 810 1956 quantum
842 1901 952 1943 inter
983 1915 1027 1942 se
1058 1901 1238 1955 bellum,
1269 1900 1304 1942 si
1334 1900 1498 1942 lumina
1527 1900 1640 1942 vitae

488 1979 726 2035 attigerint,
757 1980 937 2033 quantas
970 1978 1080 2020 acies
1113 1979 1383 2034 stragemque
1415 1977 1599 2033 ciebunt,

488 2056 714 2112 aggeribus
746 2069 866 2098 socer
896 2054 1067 2111 Alpinis
1100 2057 1227 2110 atque
1259 2069 1353 2097 arce
1383 2054 1580 2097 Monoeci

488 2133 763 2187 descendens,
795 2147 926 2189 gener
957 2132 1143 2174 adversis
1175 2132 1406 2174 instructus
1438 2132 1536 2174 eois.

487 2225 540 2252 ne
571 2210 692 2265 pueri
723 2225 777 2252 ne
807 2212 928 2252 tanta
959 2210 1110 2251 animis
1143 2209 1377 2251 adsuescite
1408 2209 1532 2264 bella,

486 2302 570 2329 neu
600 2287 763 2343 patriae
794 2287 955 2330 validas
987 2288 1032 2328 in
1062 2287 1225 2329 viscera
1254 2286 1406 2329 vertite
1436 2287 1550 2341 viris,

486 2367 617 2419 tuque
648 2365 766 2420 prior
795 2367 843 2406 tu
874 2379 1000 2420 parce
1031 2378 1165 2420 genus
1197 2363 1271 2418 qui
1302 2363 1419 2406 ducis
1452 2362 1650 2419 Olympo,

485 2442 629 2496 proice
660 2442 746 2484 tela
777 2456 906 2483 manu
938 2441 1110 2498 sanguis
1142 2455 1271 2483 meus.

486 2519 558 2561 ille
588 2519 852 2574 triumphata
883 2517 1094 2574 Capitolia
1125 2518 1178 2560 ad
1209 2519 1295 2560 alta
1327 2516 1530 2560 Corintho

485 2596 623 2638 victor
654 2598 751 2652 aget
782 2610 971 2651 currum,
1003 2596 1134 2638 caesis
1166 2595 1344 2652 insignis
1375 2594 1570 2650 Achivis;

486 2675 604 2715 eruet
635 2673 707 2714 ille
737 2671 878 2729 Argos
910 2672 1356 2729 Agamemnoniasque
1386 2672 1598 2727 Mycenas,

486 2750 712 2805 ipsumque
742 2749 975 2805 Aeaciden,
1006 2764 1140 2806 genus
1172 2749 1466 2805 armipotentis
1497 2748 1669 2802 Achilli,

485 2828 600 2869 ultus
633 2841 733 2869 avos
766 2826 935 2882 Troiae,
965 2828 1127 2882 templa
1158 2829 1199 2869 et
1229 2828 1435 2868 temerata
1464 2825 1689 2868 Minervae.

364 3238 433 3270 839
458 3235 620 3271 Achillei
644 3237 682 3272 P
