2176 3464
334 196 391 239 80
1118 195 1257 233 ΤΕΧΤ.

335 316 405 348 500
551 305 791 361 ‘Deiphobe
822 305 1100 361 armipotens,
1131 319 1265 362 genus
1297 305 1384 348 alto
1415 320 1441 347 a
1471 306 1676 363 sanguine
1707 306 1870 362 Teucri,

547 383 641 438 quis
671 386 760 426 tam
793 383 974 426 crudelis
1006 383 1171 439 optavit
1202 397 1367 425 sumere
1397 397 1569 439 poenas,

548 461 616 503 cui
646 463 815 503 tantum
847 460 899 503 de
928 463 973 503 te
1002 461 1134 503 licuit.
1197 460 1303 503 mihi
1333 460 1447 503 fama
1478 475 1676 517 suprema

544 540 670 580 nocte
700 538 820 593 tulit,
849 538 1010 580 fessum
1041 540 1162 581 vasta
1191 540 1234 580 te
1266 538 1392 580 caede
1426 537 1654 596 Pelasgum

544 616 822 670 procubuisse
854 630 981 671 super
1012 615 1213 658 confusae
1245 615 1398 672 stragis
1429 630 1635 659 acervom.

333 703 400 734 505
545 695 650 735 tunc
681 695 850 750 egomet
880 693 1095 735 tumulum
1126 692 1321 735 Rhoeteo
1351 693 1477 735 litore
1508 694 1677 736 inanem

546 770 767 825 constitui,
798 773 841 813 et
871 784 1027 827 magna
1057 770 1194 812 manis
1225 773 1290 813 ter
1319 785 1424 813 voce
1454 771 1614 814 vocavi.

544 861 701 890 nomen
732 850 775 890 et
805 862 922 890 arma
951 847 1095 890 locum
1127 850 1314 890 servant:
1345 850 1388 890 te
1419 848 1554 891 amice
1584 847 1758 903 nequivi

546 925 809 980 conspicere,
840 927 883 967 et
912 924 1051 980 patria
1081 924 1286 967 decedens
1317 940 1476 980 ponere
1505 926 1645 968 terra.'

545 1002 598 1044 ad
630 1017 737 1057 quae
767 1001 1013 1044 Priamides.
1077 1002 1201 1044 ‘nihil
1231 1017 1256 1044 0
1286 1003 1367 1044 tibi
1398 1003 1532 1045 amice
1562 1003 1772 1058 relictum,

335 1090 404 1121 510
549 1079 692 1121 omnia
722 1078 949 1134 Deiphobo
982 1079 1149 1122 solvisti
1179 1082 1222 1122 et
1252 1079 1414 1122 funeris
1445 1080 1625 1136 umbris3

549 1157 622 1199 sed
653 1171 721 1199 me
751 1157 841 1199 fata
871 1171 966 1199 mea
996 1159 1039 1199 et
1070 1157 1208 1199 scelus
1240 1157 1410 1199 exitiale
1440 1157 1659 1200 Lacaenae

545 1235 612 1276 his
644 1248 826 1276 mersere
858 1234 1003 1289 malis,
1034 1234 1108 1276 illa
1138 1235 1244 1276 haec
1274 1234 1538 1276 monimenta
1567 1234 1758 1290 reliquit3
1784 1242 1786 1244 ’

543 1326 728 1367 namque
758 1314 808 1354 ut
838 1326 1081 1367 supremam
1112 1311 1221 1354 falsa
1250 1312 1362 1354 inter
1392 1311 1547 1368 gaudia
1576 1314 1747 1354 noctem

544 1389 756 1446 egerimus
786 1389 919 1444 nosti,
950 1391 994 1432 et
1023 1389 1205 1432 nimium
1236 1389 1480 1432 meminisse
1510 1403 1683 1432 necesse
1714 1392 1788 1431 est.

332 1476 400 1508 515
545 1480 642 1509 cum
673 1466 815 1509 fatalis
848 1481 947 1509 ecus
979 1467 1091 1509 saltu
1122 1481 1250 1523 super
1280 1467 1411 1509 ardua
1441 1467 1559 1510 venit

543 1543 769 1600 Pergama,
800 1546 843 1586 et
874 1546 1084 1586 armatum
1115 1544 1303 1600 peditem
1335 1544 1475 1601 gravis
1507 1544 1652 1587 attulit
1682 1545 1791 1599 alvo,

544 1621 618 1663 illa
649 1622 826 1664 chorum
858 1621 1082 1676 simulans,
1113 1621 1310 1664 euhantis
1342 1622 1462 1678 orgia
1492 1622 1651 1664 circum

546 1699 728 1741 ducebat
758 1698 986 1756 Phrygias,
1017 1699 1234 1741 flammam
1265 1698 1405 1741 media
1434 1699 1528 1755 ipsa
1557 1699 1731 1741 tenebat

543 1775 779 1832 ingentem,
810 1779 854 1818 et
885 1790 1052 1818 summa
1082 1776 1254 1819 Danaos
1285 1791 1338 1819 ex
1368 1790 1464 1819 arce
1494 1777 1685 1820 vocabat.

332 1862 400 1894 520
543 1855 636 1894 tum
667 1867 736 1896 me
767 1853 1009 1896 confectum
1041 1854 1153 1896 curis
1185 1868 1421 1909 somnoque
1451 1857 1674 1911 gravatum

543 1930 693 1972 infelix
723 1931 874 1973 habuit
903 1931 1136 1986 thalamus,
1166 1931 1405 1987 pressitque
1436 1931 1644 1975 iacentem

544 2008 680 2051 dulcis
711 2010 755 2050 et
784 2009 871 2051 alta
903 2009 1022 2064 quies
1053 2009 1329 2065 placidaeque
1361 2009 1578 2052 simillima
1609 2009 1746 2052 morti.

545 2085 715 2142 egregia
745 2085 907 2128 interea
938 2086 1124 2129 coniunx
1155 2101 1272 2129 arma
1303 2087 1447 2129 omnia
1475 2087 1602 2130 tectis

545 2166 714 2206 emovet
744 2189 788 2194 —
821 2166 864 2206 et
894 2163 1028 2206 fidum
1060 2164 1190 2220 capiti
1222 2164 1481 2206 subduxerat
1511 2178 1656 2207 ensem
1688 2180 1751 2206 -ε

332 2250 400 2283 525
545 2240 658 2282 intra
687 2243 802 2283 tecta
831 2244 957 2284 vocat
986 2241 1248 2296 Menelaum,
1279 2244 1322 2284 et
1351 2242 1501 2284 limina
1530 2242 1697 2298 pandit:

545 2318 707 2360 scilicet
737 2318 781 2360 id
812 2333 1016 2375 magnum
1048 2333 1221 2374 sperans
1252 2318 1344 2362 fore
1374 2333 1530 2362 munus
1561 2319 1733 2375 amanti,

545 2398 588 2437 et
617 2395 775 2438 famam
808 2396 1001 2453 extingui
1031 2399 1223 2439 veterum
1256 2396 1318 2439 sic
1347 2410 1473 2452 posse
1504 2397 1724 2439 malorum.

546 2473 648 2527 quid
679 2488 841 2529 moror,
871 2473 1123 2529 inrumpunt
1154 2474 1364 2529 thalamo,
1394 2488 1536 2516 comes
1568 2473 1736 2516 additur
1766 2487 1850 2514 una

544 2550 738 2593 hortator
769 2551 976 2594 scelerum
1007 2549 1226 2594 Aeolides:
1257 2551 1300 2593 di
1329 2551 1433 2593 talia
1464 2549 1584 2594 Grais

333 2636 403 2668 530
546 2627 798 2683 instaurate,
828 2629 901 2684 pio
934 2628 970 2670 si
999 2643 1159 2683 poenas
1190 2643 1263 2671 ore
1293 2642 1482 2684 reposco:

546 2705 618 2746 sed
648 2708 691 2747 te
724 2705 796 2760 qui
827 2706 971 2748 vivom
1003 2719 1143 2760 casus,
1174 2719 1253 2762 age
1283 2705 1373 2748 fare
1403 2705 1590 2748 vicissim

545 2782 775 2824 attulerint.
837 2783 1033 2839 pelagine
1064 2783 1183 2825 venis
1216 2783 1427 2825 erroribus
1459 2784 1591 2837 actus,

430 3196 499 3228 505
525 3194 564 3228 in
590 3193 699 3229 litore
719 3193 820 3229 MP²
915 3198 984 3229 524
1009 3196 1172 3231 etmovet
1193 3195 1255 3240 P²,
1282 3195 1429 3230 amovet
1454 3194 1611 3230 PMP*
1705 3198 1774 3230 528
1794 3193 1944 3230 additus
1963 3194 2038 3231 PR
