2132 3470
297 220 355 262 90

298 339 366 371 670

299 726 366 758 675

295 1112 364 1145 680

294 1500 362 1532 685

1080 221 1218 258 ΤΕΧΤ.

511 344 619 385 quae
649 330 767 387 regio
799 329 1036 386 Anchisen,
1068 330 1162 386 quis
1194 331 1323 374 habet
1352 332 1501 375 locus?
1532 333 1646 376 illius
1679 348 1780 391 ergo

508 408 721 463 venimus,
753 410 795 450 et
826 422 1005 465 magnos
1036 407 1166 451 Erebi
1196 409 1458 452 tranavimus
1490 411 1654 453 amnis'

510 487 636 539 atque
667 485 768 528 huic
799 499 1051 541 responsum
1081 486 1229 541 paucis
1261 486 1322 528 ita
1352 487 1534 529 reddidit
1564 488 1700 531 heros.

511 562 633 604 ‘nulli
665 564 780 605 certa
811 563 980 618 domus,
1010 563 1118 605 lucis
1149 563 1392 606 habitamus
1424 565 1581 620 opacis,

508 640 782 695 riparumque
812 643 929 683 toros
962 643 1004 683 et
1034 643 1157 696 prata
1186 641 1374 684 recentia
1403 641 1505 685 rivis

510 717 747 759 incolimus.
811 717 884 760 sed
915 732 990 760 vos
1023 718 1058 759 si
1089 717 1173 760 fert
1203 718 1264 760 ita
1295 718 1421 761 corde
1451 719 1661 775 voluntas,

507 794 590 836 hoc
622 797 817 854 superate
849 795 1016 852 iugum,
1048 797 1090 837 et
1113 795 1231 849 facili
1261 795 1346 837 iam
1377 796 1548 839 tramite
1580 797 1754 839 sistam.’

509 871 616 914 dixit
648 874 690 914 et
721 875 818 914 ante
849 873 950 915 tulit
980 886 1192 929 gressum,
1224 887 1482 929 camposque
1512 874 1690 917 nitentis

507 949 687 1004 desuper
718 952 921 1006 ostentat3
953 950 1106 992 dehinc
1137 964 1304 993 summa
1335 951 1556 994 cacumina
1585 952 1794 1007 linquont.

577 1025 637 1068 At
667 1029 789 1082 pater
819 1026 1028 1069 Anchises
1059 1027 1230 1082 penitus
1262 1029 1454 1071 convalle
1485 1028 1639 1071 virenti

508 1103 692 1146 inclusas
725 1104 906 1159 animas,
937 1118 1223 1159 superumque
1254 1105 1307 1146 ad
1336 1105 1483 1147 lumen
1513 1105 1646 1148 ituras

506 1180 716 1223 lustrabat
747 1181 887 1223 studio
919 1181 1128 1236 recolens,
1160 1195 1415 1237 omnemque
1447 1196 1620 1225 suorum

507 1258 618 1300 forte
648 1258 894 1300 recensebat
925 1273 1170 1314 numerum,
1201 1273 1406 1314 carosque
1436 1262 1628 1316 nepotes,

505 1335 677 1390 fataque
708 1335 987 1391 fortunasque
1018 1335 1176 1391 virum,
1207 1350 1431 1392 moresque
1463 1352 1710 1393 manusque.

505 1413 626 1468 isque
657 1413 730 1454 ubi
761 1413 1005 1456 tendentem
1038 1413 1261 1456 adversum
1292 1429 1370 1470 per
1400 1415 1594 1471 gramina
1624 1415 1731 1458 vidit

508 1489 701 1545 Aenean,
733 1491 883 1533 alacris
914 1491 1078 1547 palmas
1110 1494 1311 1547 utrasque
1341 1492 1535 1548 tetendit,

507 1568 748 1623 effusaeque
780 1568 900 1625 genis
931 1568 1149 1624 lacrimae,
1181 1571 1223 1611 et
1253 1583 1337 1611 vox
1368 1569 1526 1612 excidit
1557 1584 1639 1613 ore.

507 1645 677 1687 ‘venisti
707 1645 899 1701 tandem,
928 1648 1087 1701 tuaque
1118 1648 1363 1702 exspectata
1391 1647 1558 1703 parenti

293 1721 489 1765 FGMPR
519 1722 622 1764 vicit
652 1723 734 1765 iter
765 1722 917 1765 durum
949 1723 1105 1779 pietas,
1136 1723 1260 1766 datur
1291 1739 1366 1767 ora
1394 1724 1505 1766 tueri

292 1887 361 1919 690

293 2274 359 2305 695

294 2660 361 2691 700

506 1802 605 1842 nate
636 1802 711 1842 tua
742 1802 784 1842 et
814 1803 938 1843 notas
970 1800 1115 1843 audire
1146 1803 1188 1843 et
1218 1801 1392 1844 reddere
1422 1816 1559 1844 voces.

508 1876 568 1918 sic
600 1877 796 1932 equidem
829 1877 1034 1920 ducebam
1066 1878 1209 1921 animo
1241 1879 1447 1934 rebarque
1477 1879 1684 1935 futurum,

506 1956 702 2010 tempora
733 1954 1023 2011 dinumerans,
1053 1970 1132 1998 nec
1164 1971 1232 1998 me
1263 1971 1358 1999 mea
1389 1971 1491 2000 cura
1519 1957 1683 2000 fefeHit.

505 2046 610 2086 quas
643 2046 722 2089 ego
753 2034 796 2074 te
827 2034 960 2075 terras
993 2035 1035 2075 et
1066 2035 1227 2088 quanta
1255 2048 1332 2089 per
1363 2048 1549 2089 aequora
1578 2037 1746 2078 vectum

506 2109 686 2164 accipio,
718 2110 887 2164 quantis
919 2110 1123 2153 iactatum
1155 2113 1254 2153 nate
1284 2111 1473 2167 periclis3

506 2201 633 2241 quam
666 2187 799 2229 metui
829 2202 883 2229 ne
915 2188 1017 2243 quid
1048 2187 1207 2244 Libyae
1237 2188 1318 2231 tibi
1347 2203 1480 2245 regna
1509 2191 1738 2232 nocerent?

504 2264 576 2306 ille
608 2266 750 2307 autem
783 2265 873 2307 ‘tua
903 2280 972 2307 me
1003 2266 1172 2322 genitor
1201 2267 1276 2308 tua
1305 2265 1439 2308 tristis
1471 2266 1614 2323 imago

505 2342 674 2397 saepius
707 2356 948 2398 occurrens,
978 2343 1084 2386 haec
1113 2343 1263 2385 limina
1293 2343 1466 2386 tendere
1497 2344 1651 2401 adegit,

505 2421 619 2461 stant
651 2419 737 2461 sale
769 2419 989 2475 Tyrrheno
1022 2421 1194 2476 classes3
1226 2420 1280 2463 da
1309 2421 1484 2478 iungere
1515 2422 1720 2478 dextram,

506 2496 558 2538 da
588 2497 773 2553 genitor,
803 2500 930 2552 teque
962 2498 1161 2553 amplexu
1192 2513 1246 2540 ne
1277 2498 1478 2541 subtrahe
1508 2499 1682 2542 nostro.'

506 2573 566 2616 sic
597 2588 856 2629 memorans,
885 2575 1005 2632 largo
1037 2575 1142 2617 fletu
1174 2575 1302 2618 simul
1332 2590 1407 2618 ora
1435 2576 1612 2632 rigabat.

504 2653 570 2692 ter
601 2654 777 2694 conatus
809 2652 868 2694 ibi
899 2653 1010 2695 collo
1043 2653 1141 2695 dare
1171 2653 1371 2695 bracchia
1401 2653 1572 2708 circum,

504 2730 570 2769 ter
599 2728 758 2771 frustra
789 2743 1057 2785 comprensa,
1089 2744 1239 2772 manus
1271 2730 1423 2787 effugit
1452 2730 1607 2787 imago,

504 2820 582 2861 par
611 2806 776 2848 levibus
808 2807 964 2862 ventis,
993 2807 1242 2863 volucrique
1274 2807 1493 2849 simiJJima
1524 2821 1684 2850 somno.

575 2881 742 2925 Interea
772 2884 888 2926 videt
918 2883 1084 2927 Aeneas
1115 2885 1160 2927 in
1190 2885 1301 2928 vaJJe
1330 2884 1504 2927 reducta

495 2960 718 3002 seclusum
750 2975 918 3016 nemus,
949 2964 992 3003 et
1022 2962 1209 3018 virgulta
1239 2961 1434 3004 sonantia
1463 2961 1607 3016 silvae,

393 3215 460 3247 702
485 3213 575 3257 fehlt
598 3213 640 3248 in
663 3212 715 3248 Ρι
