2190 3470
291 224 348 267 56
1056 223 1194 260 TEXT.

497 348 585 376 non
616 332 772 376 Simois
802 333 900 388 tibi,
928 347 1008 376 nec
1037 332 1252 387 Xanthus,
1281 347 1361 376 nec
1390 332 1548 377 Dorica
1578 336 1716 377 castra

499 411 727 466 defuerint,
758 411 865 453 alius
895 410 1018 453 Latio
1050 411 1135 453 iam
1166 412 1313 466 partus
1344 409 1533 453 Achilles

310 499 356 531 90
447 502 451 507 ’
497 490 622 531 natus
655 491 697 531 et
726 488 818 543 ipse
849 488 944 544 dea,
972 503 1051 531 nec
1082 487 1255 530 Teucris
1287 488 1429 530 addita
1458 487 1565 531 Iuno

498 580 678 621 usquam
710 566 862 621 aberit,
894 579 990 608 cum
1021 568 1069 608 tu
1101 566 1282 621 supplex
1312 565 1357 608 in
1386 565 1511 608 rebus
1544 566 1700 623 egenis,

499 658 603 699 quas
635 643 774 700 gentis
804 641 961 686 Italum
993 645 1067 685 aut
1098 657 1202 698 quas
1233 657 1322 685 non
1352 643 1536 685 oraveris
1567 643 1703 685 urbes.

499 735 626 763 causa
656 721 758 763 mali
787 720 897 763 tanti
929 721 1114 763 coniunx
1144 720 1298 762 iterum
1329 720 1501 775 hospita
1531 719 1718 774 Teucris,

500 798 745 853 externique
776 797 930 840 iterum
961 797 1150 840 thalami.
1199 792 1201 796 ’

310 886 355 918 95
498 878 546 918 tu
575 890 629 918 ne
661 875 760 918 cede
791 875 933 930 malis,
964 875 1037 917 sed
1069 877 1216 917 contra
1246 874 1468 916 audentior
1497 874 1572 929 ito,

500 967 627 1008 quam
658 955 733 995 tua
762 955 806 995 te
836 951 1025 995 Fortuna
1056 952 1175 994 sinet.
1236 951 1306 993 via
1335 952 1475 1006 prima
1505 951 1666 1006 salutis,

500 1030 614 1086 quod
644 1030 819 1072 minime
850 1030 972 1085 reris,
1004 1028 1129 1072 Graia
1158 1029 1368 1084 pandetur
1399 1029 1451 1070 ab
1482 1029 1613 1071 urbe'.

569 1106 743 1149 Talibus
775 1122 827 1149 ex
859 1107 985 1162 adyto
1018 1107 1141 1149 dictis
1174 1105 1358 1162 Cymaea
1389 1104 1555 1161 Sibylla

498 1184 729 1227 horrendas
762 1184 876 1227 canit
907 1184 1125 1240 ambages,
1156 1185 1364 1238 antroque
1393 1183 1593 1240 remugit,

288 1272 356 1305 100
500 1261 689 1304 obscuris
720 1276 820 1303 vera
849 1261 1090 1317 involvens,
1121 1275 1172 1323 ea
1199 1260 1320 1303 frena
1348 1259 1507 1302 furenti

501 1339 708 1394 concutit,
739 1341 781 1381 et
811 1339 1007 1381 stimulos
1040 1339 1118 1381 sub
1149 1334 1321 1394 pectore
1351 1337 1480 1380 vertit
1509 1335 1678 1392 Apollo.

499 1418 548 1458 ut
577 1416 764 1471 primum
797 1417 923 1459 cessit
952 1416 1088 1471 furor,
1120 1419 1162 1458 et
1191 1415 1339 1458 rabida
1370 1429 1444 1457 ora
1475 1415 1685 1470 quierunt,

499 1494 651 1549 incipit
681 1492 846 1536 Aeneas
876 1494 1012 1536 heros.
1077 1493 1179 1535 ‘non
1209 1493 1298 1535 ulla
1327 1492 1523 1534 laborum

500 1585 525 1613 o
556 1571 677 1628 virgo
708 1585 820 1613 nova
850 1571 910 1613 mi
939 1571 1069 1613 facies
1100 1570 1327 1625 inopinave
1359 1569 1507 1625 surgit,

289 1658 357 1692 105
501 1649 644 1691 omnia
674 1649 871 1704 praecepi
902 1651 1029 1703 atque
1061 1648 1202 1689 animo
1235 1660 1402 1689 mecum
1434 1648 1532 1688 ante
1561 1646 1717 1702 peregi.

500 1741 633 1768 unum
666 1740 758 1768 oro:
791 1725 960 1781 quando
991 1726 1062 1768 hic
1092 1724 1247 1767 inferni
1278 1725 1406 1766 ianua
1435 1723 1549 1781 regis

501 1803 672 1858 dicitur,
703 1806 745 1845 et
775 1803 999 1845 tenebrosa
1028 1803 1152 1858 palus
1183 1801 1426 1845 Acheronte
1456 1801 1611 1856 refuso,

500 1880 561 1923 ire
593 1880 645 1923 ad
677 1883 952 1936 conspectum
985 1880 1071 1923 cari
1102 1880 1306 1937 genitoris
1338 1881 1380 1921 et
1411 1893 1486 1921 ora

502 1958 740 2015 contingat,
771 1958 922 2001 doceas
954 1958 1052 2013 iter,
1083 1960 1125 2000 et
1156 1971 1274 2000 sacra
1305 1956 1414 1999 ostia
1444 1956 1615 2011 pandas.

291 2046 358 2078 110
501 2036 623 2078 illum
656 2050 735 2092 ego
766 2050 843 2091 per
872 2035 1067 2078 flammas
1099 2037 1142 2077 et
1172 2035 1290 2077 mille
1321 2033 1541 2089 sequentia
1571 2034 1657 2076 tela

503 2113 639 2168 eripui
668 2113 735 2155 his
766 2113 942 2168 umeris,
973 2113 1198 2167 medioque
1230 2126 1281 2154 ex
1311 2111 1435 2154 hoste
1465 2111 1624 2166 recepi3

501 2190 573 2232 ille
604 2205 747 2232 meum
780 2190 1006 2233 comitatus
1038 2190 1135 2244 iter,
1166 2189 1300 2231 maria
1331 2189 1474 2231 omnia
1503 2202 1671 2231 mecum

502 2270 629 2322 atque
661 2268 798 2310 omnis
829 2268 1055 2324 pelagique
1086 2267 1223 2309 minas
1255 2266 1444 2321 caelique
1474 2265 1648 2321 ferebat,

501 2345 729 2400 invalidus,
759 2345 861 2387 viris
892 2346 1006 2387 ultra
1036 2347 1278 2399 sortemque
1311 2345 1512 2386 senectae.

291 2430 358 2462 115
503 2421 606 2476 quin
635 2424 684 2464 ut
714 2424 758 2464 te
789 2423 969 2477 supplex
999 2424 1205 2477 peterem,
1236 2423 1278 2464 et
1307 2424 1383 2464 tua
1411 2421 1562 2463 limina
1592 2421 1763 2476 adirem,

502 2498 613 2540 idem
646 2513 770 2541 orans
802 2499 1002 2541 mandata
1033 2499 1169 2541 dabat.
1232 2499 1436 2556 gnatique
1465 2498 1684 2554 patrisque

502 2576 614 2617 alma
643 2590 794 2631 precor
824 2577 1022 2619 miserere
1042 2601 1086 2606 —
1105 2579 1228 2632 potes
1258 2591 1444 2632 namque
1475 2577 1619 2618 omnia
1647 2590 1726 2619 nec
1755 2578 1799 2618 te

500 2653 759 2708 nequiquam
789 2654 897 2696 lucis
928 2653 1090 2697 Hecate
1120 2654 1325 2709 praefecit
1354 2652 1535 2696 Avernis
1555 2669 1618 2695 -ε

502 2730 538 2772 si
567 2731 710 2785 potuit
740 2731 876 2773 manis
909 2746 1116 2774 arcessere
1148 2731 1341 2788 coniugis
1373 2729 1581 2786 Orpheus,

291 2817 360 2849 120
502 2806 723 2850 Thraeicia
752 2807 886 2850 fretus
919 2808 1080 2851 cithara
1110 2809 1350 2864 fidibusque
1382 2807 1566 2863 canoris3

503 2884 538 2925 si
568 2883 742 2926 fratrem
773 2883 928 2926 Pollux
959 2886 1120 2927 alterna
1151 2887 1288 2927 morte
1318 2884 1508 2938 redemit,

502 2961 619 3015 itque
649 2961 842 3016 reditque
872 2962 986 3003 viam
1017 2962 1173 3004 totiens
1193 2987 1239 2992 —
1260 2961 1361 3016 quid
1391 2960 1555 3003 Thesea
1585 2974 1801 3017 magnum,

504 3037 605 3092 quid
635 3051 867 3080 memorem
898 3036 1078 3080 Alciden
1096 3054 1160 3080 —:
1191 3041 1234 3081 et
1264 3038 1324 3080 mi
1354 3052 1487 3094 genus
1519 3037 1571 3079 ab
1602 3035 1703 3080 Iove
1734 3038 1929 3080 summo?

388 3174 431 3206 96
458 3182 534 3224 qua
558 3171 692 3225 Seneca
716 3182 768 3218 ep.
795 3174 852 3225 82ζ
878 3174 922 3207 18
1049 3175 1116 3207 105
1140 3171 1292 3226 percepi
1317 3171 1463 3207 Servius
1586 3174 1653 3206 109
1679 3171 1894 3218 contingam
1918 3173 1991 3209 PR

294 3221 362 3253 113
388 3218 558 3263 caehque
583 3230 704 3255 minas
728 3218 927 3266 pelagique
953 3219 1004 3254 M
1098 3223 1164 3254 116
1188 3220 1344 3263 natique
1368 3219 1405 3254 R
