2176 3464
321 224 379 267 84
1099 224 1238 261 TEXT.

534 347 641 388 quae
674 331 768 388 quis
801 332 914 388 apud
945 346 1139 389 superos,
1169 333 1285 375 furto
1315 333 1496 376 laetatus
1527 333 1657 389 inani,

533 409 697 451 distulit
728 409 773 451 in
803 423 939 452 seram
972 411 1199 453 commissa
1228 411 1397 466 piacula
1426 413 1618 454 mortem.

321 496 390 529 670
534 486 735 529 continuo
768 487 902 529 sontis
932 487 1064 530 ultrix
1094 487 1284 530 accincta
1314 487 1484 544 flagello

532 563 765 619 Tisiphone
796 564 933 619 quatit
963 564 1190 619 insultans,
1219 566 1449 620 torvosque
1480 565 1650 607 sinistra

532 640 745 682 intentans
777 641 946 698 anguis,
975 644 1100 684 vocat
1131 641 1301 698 agmina
1332 656 1456 685 saeva
1485 656 1689 685 sororum.

531 719 624 759 tum
657 718 826 760 demum
856 718 1080 761 horrisono
1113 719 1336 761 stridentes
1367 719 1554 775 cardine,
1586 733 1728 763 sacrae

533 794 777 849 panduntur
805 797 971 851 portae3
1002 796 1138 838 cernis
1170 795 1362 838 custodia
1394 796 1531 851 qualis

321 881 390 914 575
534 871 744 914 vestibulo
777 872 938 927 sedeat,
967 872 1097 915 facies
1130 887 1238 927 quae
1267 872 1417 915 limina
1448 875 1603 916 servet:

533 949 843 1006 quinquaginta
872 949 974 992 atris
1005 950 1201 992 immanis
1232 950 1419 992 hiatibus
1450 950 1585 1006 hydra

532 1026 696 1069 saevior
726 1026 840 1069 intus
871 1026 1000 1069 habet
1031 1027 1183 1069 sedem.
1244 1029 1337 1069 tum
1368 1026 1568 1070 Tartarus
1598 1027 1690 1083 ipse

530 1104 596 1146 bis
627 1106 746 1159 patet
776 1104 821 1145 in
850 1117 1052 1159 praeceps
1083 1106 1252 1146 tantum
1282 1104 1503 1159 tenditque
1534 1105 1612 1147 sub
1642 1105 1826 1161 umbras,

533 1184 714 1237 quantus
748 1181 800 1223 ad
831 1182 1065 1224 aetherium
1097 1182 1203 1224 caeli
1233 1184 1454 1237 suspectus
1486 1180 1728 1238 Olympum.

320 1271 388 1303 580
531 1261 602 1303 hic
633 1274 765 1317 genus
797 1260 1018 1315 antiquom
1049 1259 1221 1314 Terrae,
1251 1259 1421 1301 Titania
1449 1259 1597 1315 pubes,

531 1338 710 1380 fulmine
741 1337 911 1393 deiecti,
941 1337 1073 1380 fundo
1105 1337 1334 1380 volvontur
1364 1337 1409 1379 in
1439 1337 1536 1380 imo.

531 1416 602 1458 hic
633 1418 675 1458 et
705 1414 881 1458 Aloidas
912 1415 1106 1472 geminos
1138 1414 1341 1457 immania
1370 1415 1458 1458 vidi

534 1507 729 1548 corpora,
762 1493 835 1548 qui
866 1493 1061 1535 manibus
1093 1506 1296 1549 magnum
1327 1492 1565 1535 rescindere
1597 1493 1760 1534 caelum

532 1571 738 1627 adgressi,
770 1570 1018 1626 superisque
1047 1568 1194 1612 Iovem
1226 1569 1447 1612 detrudere
1477 1569 1630 1626 regnis.

320 1657 388 1690 585
532 1648 619 1690 vidi
651 1650 693 1690 et
725 1646 905 1690 crudelis
937 1646 1107 1688 dantem
1139 1644 1366 1688 Salmonea
1395 1660 1567 1701 poenas,

532 1725 633 1766 dum
663 1724 857 1766 flammas
888 1722 1001 1766 Iovis
1034 1725 1076 1765 et
1107 1723 1270 1765 sonitus
1301 1723 1493 1765 imitatur
1524 1721 1707 1779 Olympi.

534 1803 736 1855 quattuor
765 1801 837 1843 hic
867 1801 1059 1843 invectus
1092 1800 1230 1855 equis,
1262 1802 1304 1842 et
1333 1799 1531 1855 lampada
1562 1813 1778 1855 quassans,

531 1893 608 1934 per
639 1876 811 1920 Graium
842 1878 1044 1933 populos,
1074 1877 1321 1932 mediaeque
1351 1891 1428 1932 per
1458 1876 1594 1919 Elidis
1625 1877 1773 1922 urbem

320 1955 476 1999 FMPR
535 1956 625 1998 ibat
656 1969 805 2010 ovans,
836 1955 1064 2010 divomque
1095 1954 1175 1996 sibi
1205 1954 1409 2009 poscebat
1439 1954 1662 1996 honorem:

321 2044 390 2076 590
534 2033 724 2087 demens,
755 2032 828 2087 qui
858 2032 1027 2074 nimbos
1060 2034 1102 2074 et
1131 2046 1220 2074 non
1250 2031 1458 2073 imitabile
1487 2031 1663 2086 fulmen,

533 2124 627 2152 aere
658 2111 701 2152 ct
731 2109 1007 2164 cornipedum
1038 2109 1165 2165 pulsu
1197 2108 1415 2151 simularet
1446 2123 1663 2164 equorum.

533 2189 576 2229 at
606 2189 728 2242 pater
758 2187 1028 2242 omnipotens
1061 2186 1190 2228 densa
1219 2185 1330 2228 inter
1359 2186 1506 2228 nubila
1535 2186 1669 2228 telum

533 2264 740 2307 contorsit
771 2289 815 2294 —
846 2278 934 2306 non
963 2263 1036 2305 ille
1065 2263 1180 2306 faces
1210 2277 1290 2306 nec
1318 2262 1462 2305 fumea
1491 2262 1626 2304 taedis

531 2342 694 2384 lumina
724 2367 768 2372 —
800 2341 1161 2397 praecipitemque
1191 2341 1367 2383 immani
1396 2340 1566 2383 turbine
1596 2339 1748 2396 adegit.

321 2431 389 2463 595
533 2433 612 2462 nec
641 2434 728 2462 non
759 2421 802 2461 et
832 2418 1007 2474 Tityon,
1038 2417 1191 2461 Terrae
1222 2418 1527 2473 omniparentis
1559 2418 1777 2459 alumnum

534 2511 702 2539 cernere
734 2498 841 2551 erat,
871 2511 948 2551 per
977 2498 1070 2538 tota
1098 2510 1253 2538 novem
1285 2495 1353 2538 cui
1384 2495 1531 2551 iugera
1561 2508 1714 2549 corpus

532 2573 783 2630 porrigitur3
812 2575 1036 2628 rostroque
1067 2572 1264 2615 immanis
1294 2572 1439 2615 voltur
1468 2572 1634 2614 obunco

533 2651 774 2693 immortale
804 2650 921 2692 iecur
949 2650 1148 2705 tondens,
1178 2649 1443 2705 fecundaque
1473 2649 1622 2704 poenis

533 2728 712 2783 viscera,
742 2727 1004 2782 rimaturque
1035 2727 1190 2782 epulis,
1219 2727 1468 2782 habitatque
1499 2726 1577 2768 sub
1609 2725 1695 2767 alto

323 2817 391 2849 600
532 2808 722 2861 pectore,
752 2819 831 2847 nec
861 2804 980 2847 fibris
1010 2804 1177 2859 requies
1209 2804 1332 2846 datur
1361 2804 1450 2845 ulla
1478 2802 1646 2845 renatis.

535 2882 636 2937 quid
667 2896 898 2924 memorem
930 2881 1133 2936 Lapithas
1164 2880 1313 2923 Ixiona
1342 2880 1678 2934 Pirithoumque,

535 2973 641 3015 quos
673 2973 800 3013 super
830 2960 921 3000 atra
952 2958 1057 3000 silex
1088 2958 1172 3000 iam
1204 2958 1288 3000 iam
1318 2958 1490 3012 lapsura
1520 2956 1769 3010 cadentique

417 3175 485 3207 586
510 3171 699 3206 flammam
723 3170 760 3205 P
900 3172 968 3204 591
1001 3180 1109 3204 cursu
1139 3168 1299 3205 F’M’R
1440 3170 1508 3202 597
1534 3165 1678 3202 abunco
1710 3166 1785 3203 FR
1815 3166 1959 3201 adunco
1984 3165 2022 3201 P

323 3226 391 3259 602
418 3233 491 3268 quo
516 3223 554 3259 R
577 3217 677 3267 quod
702 3217 757 3254 F²
