2190 3470
336 203 391 247 78
1115 204 1253 242 ΤΕΧΤ.

545 314 703 356 talibus
734 312 901 356 Aeneas
931 314 1150 357 ardentem
1181 316 1225 357 et
1253 317 1376 357 torva
1404 317 1596 358 tuentem

545 391 707 434 lenibat
737 391 861 434 dictis
892 391 1099 447 animum,
1128 391 1410 447 lacrimasque
1441 392 1588 435 ciebat.

546 469 621 510 illa
651 469 743 511 solo
774 469 883 511 fixos
914 469 1060 511 oculos
1092 483 1239 512 aversa
1268 469 1452 526 tenebat,

333 557 404 588 470
546 560 626 589 nec
656 546 793 603 magis
824 546 995 602 incepto
1027 546 1192 589 voltum
1224 561 1419 590 sermone
1449 550 1657 603 movetur,

547 638 675 679 quam
707 623 744 666 si
774 624 879 666 dura
910 624 1016 666 silex
1047 626 1121 666 aut
1151 626 1235 667 stet
1265 624 1476 680 Marpesia
1507 627 1661 667 cautes.

544 700 716 743 tandem
748 701 954 757 corripuit
984 715 1094 756 sese,
1124 704 1252 757 atque
1283 702 1456 744 inimica
1485 701 1645 759 refugit

545 778 589 820 in
619 793 769 821 nemus
800 778 1098 834 umbriferum,
1129 779 1315 822 coniunx
1345 779 1419 821 ubi
1449 779 1655 835 pristinus
1686 779 1749 821 illi

544 855 773 911 respondet
803 855 933 911 curis,
964 858 1204 911 aequatque
1236 855 1452 912 Sychaeus
1483 871 1682 899 amorem.

331 943 400 974 475
544 947 623 975 nec
654 933 795 975 minus
825 932 993 976 Aeneas
1026 948 1125 976 casu
1158 948 1388 976 concussus
1419 933 1580 990 iniquo,

544 1011 816 1066 prosequitur
845 1010 1031 1053 lacrimis
1062 1011 1190 1067 longe
1222 1014 1266 1054 et
1295 1012 1520 1054 miseratur
1550 1014 1732 1054 euntem.

612 1087 716 1130 Inde
748 1088 893 1130 datum
925 1087 1101 1130 molitur
1131 1088 1229 1143 iter,
1260 1088 1430 1144 iamque
1461 1103 1563 1131 arva
1591 1089 1795 1131 tenebant

544 1165 714 1220 ultima,
746 1180 854 1220 quae
885 1165 998 1207 bello
1031 1165 1133 1207 clari
1165 1168 1327 1208 secreta
1356 1165 1639 1221 frequentant.

540 1243 611 1285 hic
641 1242 704 1284 illi
736 1242 921 1285 occurrit
951 1241 1140 1298 Tydeus,
1171 1242 1243 1285 hic
1273 1243 1461 1285 inclutus
1492 1243 1621 1285 armis

330 1330 401 1361 480
546 1319 911 1376 Parthenopaeus,
942 1322 985 1362 et
1015 1318 1189 1362 Adrasti
1219 1320 1420 1376 pallentis
1451 1320 1603 1378 imago.

542 1397 613 1439 hic
644 1397 828 1439 multum
860 1397 950 1439 fleti
981 1397 1034 1439 ad
1066 1411 1242 1453 superos
1273 1397 1472 1453 belloque
1505 1398 1652 1441 caduci

542 1473 828 1529 Dardanidae,
861 1488 967 1529 quos
999 1474 1072 1517 ille
1103 1475 1242 1517 omnis
1273 1475 1404 1532 longo
1431 1475 1578 1518 ordine
1609 1489 1798 1530 cernens,

542 1551 770 1608 ingemuit,
802 1549 1094 1607 Glaucumque
1125 1551 1411 1608 Medontaque
1442 1552 1864 1608 Thersilochumque,

541 1629 619 1671 tris
650 1627 954 1684 Antenoridas,
986 1627 1211 1685 Cererique
1243 1644 1409 1673 sacrum
1440 1629 1692 1686 Polyboten,

328 1717 398 1749 485
541 1705 801 1762 Idaeumque
832 1706 961 1749 etiam
993 1720 1140 1749 currus
1172 1707 1300 1749 etiam
1332 1722 1449 1750 arma
1478 1709 1706 1750 tenentem.

544 1784 822 1826 circumstant
852 1784 1018 1826 animae
1050 1784 1197 1828 dextra
1226 1785 1432 1840 laevaque
1462 1784 1726 1841 frequentes3

542 1875 622 1903 nec
652 1861 809 1903 vidisse
841 1861 974 1903 semel
1004 1861 1106 1904 satis
1138 1864 1221 1917 est,
1251 1862 1370 1904 iuvat
1400 1877 1535 1918 usque
1566 1862 1734 1917 morari,

542 1941 585 1981 et
616 1938 808 1981 conferre
839 1939 1037 1995 gradum,
1069 1941 1112 1981 et
1142 1939 1341 1982 veniendi
1372 1940 1532 1983 discere
1564 1954 1722 1983 causas.

541 2019 585 2058 at
615 2016 811 2058 Danaum
843 2030 1038 2072 proceres
1069 2015 1519 2074 Agamemnoniaeque
1549 2018 1795 2074 phalanges,

326 2105 397 2136 490
540 2096 590 2136 ut
619 2094 761 2137 videre
792 2094 930 2137 virum
961 2094 1255 2151 fulgentiaque
1286 2109 1404 2137 arma
1433 2110 1510 2152 per
1539 2096 1724 2150 umbras,

328 2170 485 2213 FMPR
542 2171 706 2228 ingenti
736 2171 948 2227 trepidare
979 2174 1114 2228 metu3
1144 2186 1242 2228 pars
1274 2175 1437 2215 vertere
1467 2175 1600 2230 terga,

541 2263 618 2291 ceu
650 2249 864 2304 quondam
895 2249 1056 2304 petiere
1085 2252 1217 2305 rates,
1247 2264 1346 2306 pars
1375 2251 1527 2293 tollere
1556 2264 1704 2293 vocem

542 2327 757 2383 exiguam:
788 2327 983 2382 inceptus
1015 2327 1176 2369 clamor
1204 2327 1434 2370 frustratur
1463 2328 1632 2371 hiantis.

611 2403 756 2459 Atque
786 2404 858 2446 hic
887 2403 1132 2446 Priamiden
1161 2405 1370 2447 laniatum
1402 2419 1578 2461 corpore
1607 2407 1700 2446 toto

327 2492 397 2523 495
540 2480 814 2536 Deiphobum
846 2481 971 2536 vidit,
1000 2482 1188 2524 lacerum
1221 2482 1447 2525 crudeliter
1477 2496 1563 2537 ora,

541 2573 615 2601 ora
646 2573 882 2614 manusque
913 2559 1078 2614 ambas,
1107 2560 1398 2615 populataque
1427 2561 1622 2615 tempora
1651 2558 1784 2613 raptis

540 2636 731 2691 auribus,
762 2639 805 2678 et
834 2639 1006 2679 truncas
1037 2636 1262 2679 inhonesto
1294 2637 1467 2680 volnere
1496 2636 1621 2678 naris.

540 2714 612 2756 vix
643 2714 747 2756 adeo
779 2714 984 2770 adgnovit
1013 2714 1296 2769 pavitantem,
1326 2716 1369 2756 et
1399 2714 1489 2755 dira
1518 2715 1733 2770 tegentem

541 2791 767 2846 supplicia,
799 2794 842 2833 et
870 2792 984 2833 notis
1017 2791 1246 2847 compellat
1275 2791 1451 2834 vocibus
1482 2791 1605 2832 ultro.

422 3113 490 3145 477
511 3109 666 3145 tenebat
684 3110 722 3145 P
791 3112 861 3144 484
879 3107 1108 3153 Polyboeten
1128 3108 1267 3145 MP²R
1287 3106 1527 3154 (Poleboeten
1546 3107 1695 3143 Nonius
1714 3109 1797 3154 39⁷)
1869 3110 1938 3142 486
1957 3106 2029 3142 fre-

330 3158 472 3193 mentes
498 3159 534 3193 P
627 3160 696 3192 495
722 3156 824 3192 videt
848 3156 1013 3191 lacerum
1031 3156 1152 3199 FPR,
1178 3155 1276 3191 vidit
1300 3156 1339 3191 et
1362 3154 1526 3190 lacerum
1551 3156 1604 3201 (et
1621 3154 1945 3201 dwehyestrichen)
1971 3154 2030 3198 M,

328 3204 424 3240 vidit
447 3205 612 3240 lacerum
628 3206 746 3251 jumye
770 3205 876 3249 Hss.;
903 3203 1005 3239 videt
1028 3204 1068 3238 et
1091 3203 1272 3239 Heinsius
