<?xml version="1.0" encoding="UTF-8"?>
<!DOCTYPE html PUBLIC "-//W3C//DTD XHTML 1.0 Transitional//EN"
    "http://www.w3.org/TR/xhtml1/DTD/xhtml1-transitional.dtd">
<html xmlns="http://www.w3.org/1999/xhtml" xml:lang="en" lang="en">
 <head>
  <title>
</title>
<meta http-equiv="Content-Type" content="text/html;charset=utf-8" />
  <meta name='ocr-system' content='tesseract 3.04.00' />
  <meta name='ocr-capabilities' content='ocr_page ocr_carea ocr_par ocr_line ocrx_word'/>
</head>
<body>
  <div class='ocr_page' id='page_1' title='image "aeneisbuchvi00virguoft_0108.png"; bbox 0 0 2132 3470; ppageno 0'>
   <div class='ocr_carea' id='block_1_1' title="bbox 253 212 311 255">
    <p class='ocr_par' dir='ltr' id='par_1_1' title="bbox 253 212 311 255">
     <span class='ocr_line' id='line_1_1' title="bbox 253 212 311 255; baseline 0 0"><span class='ocrx_word' id='word_1_1' title='bbox 253 212 311 255; x_wconf 84' lang='lat'>92</span> 
     </span>
    </p>
   </div>
   <div class='ocr_carea' id='block_1_2' title="bbox 254 333 321 365">
    <p class='ocr_par' dir='ltr' id='par_1_2' title="bbox 254 333 321 365">
     <span class='ocr_line' id='line_1_2' title="bbox 254 333 321 365; baseline 0 0"><span class='ocrx_word' id='word_1_2' title='bbox 254 333 321 365; x_wconf 81' lang='lat'>705</span> 
     </span>
    </p>
   </div>
   <div class='ocr_carea' id='block_1_3' title="bbox 253 720 321 752">
    <p class='ocr_par' dir='ltr' id='par_1_3' title="bbox 253 720 321 752">
     <span class='ocr_line' id='line_1_3' title="bbox 253 720 321 752; baseline 0 0"><span class='ocrx_word' id='word_1_3' title='bbox 253 720 321 752; x_wconf 80' lang='lat'>710</span> 
     </span>
    </p>
   </div>
   <div class='ocr_carea' id='block_1_4' title="bbox 252 1101 319 1133">
    <p class='ocr_par' dir='ltr' id='par_1_4' title="bbox 252 1101 319 1133">
     <span class='ocr_line' id='line_1_4' title="bbox 252 1101 319 1133; baseline 0 0"><span class='ocrx_word' id='word_1_4' title='bbox 252 1101 319 1133; x_wconf 81' lang='lat'>715</span> 
     </span>
    </p>
   </div>
   <div class='ocr_carea' id='block_1_5' title="bbox 251 1489 318 1521">
    <p class='ocr_par' dir='ltr' id='par_1_5' title="bbox 251 1489 318 1521">
     <span class='ocr_line' id='line_1_5' title="bbox 251 1489 318 1521; baseline -0.015 0"><span class='ocrx_word' id='word_1_5' title='bbox 251 1489 318 1521; x_wconf 82' lang='lat'>720</span> 
     </span>
    </p>
   </div>
   <div class='ocr_carea' id='block_1_6' title="bbox 247 1865 404 1908">
    <p class='ocr_par' dir='ltr' id='par_1_6' title="bbox 247 1865 404 1908">
     <span class='ocr_line' id='line_1_6' title="bbox 247 1865 404 1908; baseline 0 0"><span class='ocrx_word' id='word_1_6' title='bbox 247 1865 404 1908; x_wconf 82' lang='lat' dir='ltr'>FMPR</span> 
     </span>
    </p>
   </div>
   <div class='ocr_carea' id='block_1_7' title="bbox 250 1953 316 1985">
    <p class='ocr_par' dir='ltr' id='par_1_7' title="bbox 250 1953 316 1985">
     <span class='ocr_line' id='line_1_7' title="bbox 250 1953 316 1985; baseline 0 0"><span class='ocrx_word' id='word_1_7' title='bbox 250 1953 316 1985; x_wconf 80' lang='lat'>726</span> 
     </span>
    </p>
   </div>
   <div class='ocr_carea' id='block_1_8' title="bbox 250 2263 318 2295">
    <p class='ocr_par' dir='ltr' id='par_1_8' title="bbox 250 2263 318 2295">
     <span class='ocr_line' id='line_1_8' title="bbox 250 2263 318 2295; baseline 0 0"><span class='ocrx_word' id='word_1_8' title='bbox 250 2263 318 2295; x_wconf 77' lang='lat'>730</span> 
     </span>
    </p>
   </div>
   <div class='ocr_carea' id='block_1_9' title="bbox 249 2648 316 2681">
    <p class='ocr_par' dir='ltr' id='par_1_9' title="bbox 249 2648 316 2681">
     <span class='ocr_line' id='line_1_9' title="bbox 249 2648 316 2681; baseline 0 0"><span class='ocrx_word' id='word_1_9' title='bbox 249 2648 316 2681; x_wconf 81' lang='lat'>735</span> 
     </span>
    </p>
   </div>
   <div class='ocr_carea' id='block_1_10' title="bbox 250 3037 318 3069">
    <p class='ocr_par' dir='ltr' id='par_1_10' title="bbox 250 3037 318 3069">
     <span class='ocr_line' id='line_1_10' title="bbox 250 3037 318 3069; baseline 0 0"><span class='ocrx_word' id='word_1_10' title='bbox 250 3037 318 3069; x_wconf 83' lang='lat'>740</span> 
     </span>
    </p>
   </div>
   <div class='ocr_carea' id='block_1_11' title="bbox 1036 210 1174 247">
    <p class='ocr_par' dir='ltr' id='par_1_11' title="bbox 1036 210 1174 247">
     <span class='ocr_line' id='line_1_11' title="bbox 1036 210 1174 247; baseline -0.007 0"><span class='ocrx_word' id='word_1_11' title='bbox 1036 210 1174 247; x_wconf 86' lang='grc' dir='ltr'><strong>ΤΕΧΤ.</strong></span> 
     </span>
    </p>
   </div>
   <div class='ocr_carea' id='block_1_12' title="bbox 463 312 1756 687">
    <p class='ocr_par' dir='ltr' id='par_1_12' title="bbox 464 312 1756 532">
     <span class='ocr_line' id='line_1_12' title="bbox 465 312 1756 376; baseline -0.002 -12"><span class='ocrx_word' id='word_1_12' title='bbox 465 321 786 376; x_wconf 88' lang='lat' dir='ltr'>Lethaeumque</span> <span class='ocrx_word' id='word_1_13' title='bbox 818 321 967 364; x_wconf 88' lang='lat' dir='ltr'>domos</span> <span class='ocrx_word' id='word_1_14' title='bbox 997 320 1186 376; x_wconf 88' lang='lat' dir='ltr'>placidas</span> <span class='ocrx_word' id='word_1_15' title='bbox 1218 319 1292 375; x_wconf 90' lang='lat' dir='ltr'>qui</span> <span class='ocrx_word' id='word_1_16' title='bbox 1322 312 1546 376; x_wconf 84' lang='lat' dir='ltr'>praenatat</span> <span class='ocrx_word' id='word_1_17' title='bbox 1576 334 1756 362; x_wconf 88' lang='lat' dir='ltr'>amnem.</span> 
     </span>
     <span class='ocr_line' id='line_1_13' title="bbox 464 397 1740 455; baseline -0.002 -13"><span class='ocrx_word' id='word_1_18' title='bbox 464 400 579 442; x_wconf 88' lang='lat' dir='ltr'>hunc</span> <span class='ocrx_word' id='word_1_19' title='bbox 611 398 770 442; x_wconf 85' lang='lat' dir='ltr'>circum</span> <span class='ocrx_word' id='word_1_20' title='bbox 801 397 1048 441; x_wconf 85' lang='lat' dir='ltr'>innumerae</span> <span class='ocrx_word' id='word_1_21' title='bbox 1079 399 1228 455; x_wconf 87' lang='lat' dir='ltr'>gentes</span> <span class='ocrx_word' id='word_1_22' title='bbox 1259 397 1493 454; x_wconf 79' lang='lat' dir='ltr'>populique</span> <span class='ocrx_word' id='word_1_23' title='bbox 1523 397 1740 453; x_wconf 79' lang='lat' dir='ltr'>volabant,</span> 
     </span>
     <span class='ocr_line' id='line_1_14' title="bbox 465 475 1508 532; baseline -0.002 -13"><span class='ocrx_word' id='word_1_24' title='bbox 465 491 514 520; x_wconf 87' lang='lat' dir='ltr'>ac</span> <span class='ocrx_word' id='word_1_25' title='bbox 544 476 663 519; x_wconf 85' lang='lat' dir='ltr'>velut</span> <span class='ocrx_word' id='word_1_26' title='bbox 693 476 737 518; x_wconf 86' lang='lat' dir='ltr'>in</span> <span class='ocrx_word' id='word_1_27' title='bbox 767 475 900 532; x_wconf 89' lang='lat' dir='ltr'>pratis</span> <span class='ocrx_word' id='word_1_28' title='bbox 931 475 1006 518; x_wconf 92' lang='lat' dir='ltr'>ubi</span> <span class='ocrx_word' id='word_1_29' title='bbox 1037 489 1138 531; x_wconf 90' lang='lat' dir='ltr'>apes</span> <span class='ocrx_word' id='word_1_30' title='bbox 1170 477 1329 518; x_wconf 85' lang='lat' dir='ltr'>aestate</span> <span class='ocrx_word' id='word_1_31' title='bbox 1361 489 1508 518; x_wconf 84' lang='lat' dir='ltr'>serena</span> 
     </span>
    </p>

    <p class='ocr_par' dir='ltr' id='par_1_13' title="bbox 464 552 1511 609">
     <span class='ocr_line' id='line_1_15' title="bbox 464 552 1511 609; baseline -0.001 -13"><span class='ocrx_word' id='word_1_32' title='bbox 464 554 640 596; x_wconf 86' lang='lat' dir='ltr'>floribus</span> <span class='ocrx_word' id='word_1_33' title='bbox 671 553 862 596; x_wconf 89' lang='lat' dir='ltr'>insidunt</span> <span class='ocrx_word' id='word_1_34' title='bbox 891 553 1038 609; x_wconf 83' lang='lat' dir='ltr'>variis,</span> <span class='ocrx_word' id='word_1_35' title='bbox 1069 555 1112 596; x_wconf 88' lang='lat' dir='ltr'>et</span> <span class='ocrx_word' id='word_1_36' title='bbox 1143 552 1321 596; x_wconf 90' lang='lat' dir='ltr'>candida</span> <span class='ocrx_word' id='word_1_37' title='bbox 1351 553 1511 596; x_wconf 91' lang='lat' dir='ltr'>circum</span> 
     </span>
    </p>

    <p class='ocr_par' dir='ltr' id='par_1_14' title="bbox 463 630 1657 687">
     <span class='ocr_line' id='line_1_16' title="bbox 463 630 1657 687; baseline 0 -14"><span class='ocrx_word' id='word_1_38' title='bbox 463 631 554 674; x_wconf 84' lang='lat' dir='ltr'>lilia</span> <span class='ocrx_word' id='word_1_39' title='bbox 584 631 838 674; x_wconf 85' lang='lat' dir='ltr'>funduntur:</span> <span class='ocrx_word' id='word_1_40' title='bbox 869 631 1021 687; x_wconf 87' lang='lat' dir='ltr'>strepit</span> <span class='ocrx_word' id='word_1_41' title='bbox 1052 630 1191 673; x_wconf 89' lang='lat' dir='ltr'>omnis</span> <span class='ocrx_word' id='word_1_42' title='bbox 1222 645 1439 674; x_wconf 90' lang='lat' dir='ltr'>murmure</span> <span class='ocrx_word' id='word_1_43' title='bbox 1471 645 1657 687; x_wconf 90' lang='lat' dir='ltr'>campus.</span> 
     </span>
    </p>
   </div>
   <div class='ocr_carea' id='block_1_13' title="bbox 463 708 1555 836">
    <p class='ocr_par' dir='ltr' id='par_1_15' title="bbox 463 708 1555 836">
     <span class='ocr_line' id='line_1_17' title="bbox 463 708 1461 764; baseline -0.001 -13"><span class='ocrx_word' id='word_1_44' title='bbox 463 709 672 751; x_wconf 73' lang='lat' dir='ltr'>horrescit</span> <span class='ocrx_word' id='word_1_45' title='bbox 702 708 796 751; x_wconf 85' lang='lat' dir='ltr'>visu</span> <span class='ocrx_word' id='word_1_46' title='bbox 828 708 988 764; x_wconf 89' lang='lat' dir='ltr'>subito,</span> <span class='ocrx_word' id='word_1_47' title='bbox 1019 722 1252 764; x_wconf 80' lang='lat' dir='ltr'>causasque</span> <span class='ocrx_word' id='word_1_48' title='bbox 1282 708 1461 763; x_wconf 86' lang='lat' dir='ltr'>requirit</span> 
     </span>
     <span class='ocr_line' id='line_1_18' title="bbox 464 779 1555 836; baseline -0.001 -13"><span class='ocrx_word' id='word_1_49' title='bbox 464 780 621 823; x_wconf 88' lang='lat' dir='ltr'>inscius</span> <span class='ocrx_word' id='word_1_50' title='bbox 652 779 838 835; x_wconf 86' lang='lat' dir='ltr'>Aeneas,</span> <span class='ocrx_word' id='word_1_51' title='bbox 869 795 978 836; x_wconf 86' lang='lat' dir='ltr'>quae</span> <span class='ocrx_word' id='word_1_52' title='bbox 1009 780 1096 822; x_wconf 87' lang='lat' dir='ltr'>sint</span> <span class='ocrx_word' id='word_1_53' title='bbox 1127 795 1177 823; x_wconf 89' lang='lat' dir='ltr'>ea</span> <span class='ocrx_word' id='word_1_54' title='bbox 1205 779 1385 822; x_wconf 88' lang='lat' dir='ltr'>flumina</span> <span class='ocrx_word' id='word_1_55' title='bbox 1414 794 1555 835; x_wconf 89' lang='lat' dir='ltr'>porro,</span> 
     </span>
    </p>
   </div>
   <div class='ocr_carea' id='block_1_14' title="bbox 460 857 1915 3083">
    <p class='ocr_par' dir='ltr' id='par_1_16' title="bbox 464 857 1497 915">
     <span class='ocr_line' id='line_1_19' title="bbox 464 857 1497 915; baseline -0.002 -14"><span class='ocrx_word' id='word_1_56' title='bbox 464 858 591 913; x_wconf 87' lang='lat' dir='ltr'>quive</span> <span class='ocrx_word' id='word_1_57' title='bbox 621 858 702 901; x_wconf 86' lang='lat' dir='ltr'>viri</span> <span class='ocrx_word' id='word_1_58' title='bbox 731 860 853 901; x_wconf 87' lang='lat' dir='ltr'>tanto</span> <span class='ocrx_word' id='word_1_59' title='bbox 885 858 1140 914; x_wconf 87' lang='lat' dir='ltr'>complerint</span> <span class='ocrx_word' id='word_1_60' title='bbox 1172 857 1341 915; x_wconf 86' lang='lat' dir='ltr'>agmine</span> <span class='ocrx_word' id='word_1_61' title='bbox 1371 857 1497 912; x_wconf 81' lang='lat' dir='ltr'>ripas.</span> 
     </span>
    </p>

    <p class='ocr_par' dir='ltr' id='par_1_17' title="bbox 463 934 1634 1070">
     <span class='ocr_line' id='line_1_20' title="bbox 463 934 1634 992; baseline -0.001 -14"><span class='ocrx_word' id='word_1_62' title='bbox 463 938 555 978; x_wconf 90' lang='lat' dir='ltr'>tum</span> <span class='ocrx_word' id='word_1_63' title='bbox 586 938 709 992; x_wconf 85' lang='lat' dir='ltr'>pater</span> <span class='ocrx_word' id='word_1_64' title='bbox 738 934 949 979; x_wconf 79' lang='lat' dir='ltr'>Anchises</span> <span class='ocrx_word' id='word_1_65' title='bbox 982 935 1164 978; x_wconf 80' lang='lat' dir='ltr'>‘animae</span> <span class='ocrx_word' id='word_1_66' title='bbox 1196 934 1350 990; x_wconf 89' lang='lat' dir='ltr'>quibus</span> <span class='ocrx_word' id='word_1_67' title='bbox 1383 935 1516 977; x_wconf 81' lang='lat' dir='ltr'>altera</span> <span class='ocrx_word' id='word_1_68' title='bbox 1544 934 1634 977; x_wconf 85' lang='lat' dir='ltr'>fato</span> 
     </span>
     <span class='ocr_line' id='line_1_21' title="bbox 465 1011 1599 1070; baseline -0.002 -14"><span class='ocrx_word' id='word_1_69' title='bbox 465 1028 643 1070; x_wconf 90' lang='lat' dir='ltr'>corpora</span> <span class='ocrx_word' id='word_1_70' title='bbox 674 1013 898 1069; x_wconf 73' lang='lat' dir='ltr'>debentur,</span> <span class='ocrx_word' id='word_1_71' title='bbox 928 1013 1106 1056; x_wconf 86' lang='lat' dir='ltr'>Lethaei</span> <span class='ocrx_word' id='word_1_72' title='bbox 1137 1013 1190 1055; x_wconf 87' lang='lat' dir='ltr'>ad</span> <span class='ocrx_word' id='word_1_73' title='bbox 1219 1011 1410 1054; x_wconf 83' lang='lat' dir='ltr'>fluminis</span> <span class='ocrx_word' id='word_1_74' title='bbox 1440 1012 1599 1054; x_wconf 88' lang='lat' dir='ltr'>undam</span> 
     </span>
    </p>

    <p class='ocr_par' dir='ltr' id='par_1_18' title="bbox 465 1090 1431 1147">
     <span class='ocr_line' id='line_1_22' title="bbox 465 1090 1431 1147; baseline -0.001 -14"><span class='ocrx_word' id='word_1_75' title='bbox 465 1105 634 1133; x_wconf 86' lang='lat' dir='ltr'>securos</span> <span class='ocrx_word' id='word_1_76' title='bbox 664 1091 812 1133; x_wconf 86' lang='lat' dir='ltr'>latices</span> <span class='ocrx_word' id='word_1_77' title='bbox 845 1093 887 1133; x_wconf 90' lang='lat' dir='ltr'>et</span> <span class='ocrx_word' id='word_1_78' title='bbox 916 1091 1048 1147; x_wconf 85' lang='lat' dir='ltr'>longa</span> <span class='ocrx_word' id='word_1_79' title='bbox 1079 1090 1240 1133; x_wconf 85' lang='lat' dir='ltr'>oblivia</span> <span class='ocrx_word' id='word_1_80' title='bbox 1269 1092 1431 1145; x_wconf 89' lang='lat' dir='ltr'>potant.</span> 
     </span>
    </p>

    <p class='ocr_par' dir='ltr' id='par_1_19' title="bbox 461 1166 1743 1380">
     <span class='ocr_line' id='line_1_23' title="bbox 461 1166 1743 1223; baseline -0.001 -13"><span class='ocrx_word' id='word_1_81' title='bbox 461 1169 538 1210; x_wconf 86' lang='lat' dir='ltr'>has</span> <span class='ocrx_word' id='word_1_82' title='bbox 569 1167 766 1223; x_wconf 88' lang='lat' dir='ltr'>equidem</span> <span class='ocrx_word' id='word_1_83' title='bbox 797 1182 1033 1210; x_wconf 88' lang='lat' dir='ltr'>memorare</span> <span class='ocrx_word' id='word_1_84' title='bbox 1063 1167 1143 1209; x_wconf 90' lang='lat' dir='ltr'>tibi</span> <span class='ocrx_word' id='word_1_85' title='bbox 1175 1169 1304 1222; x_wconf 89' lang='lat' dir='ltr'>atque</span> <span class='ocrx_word' id='word_1_86' title='bbox 1335 1166 1556 1209; x_wconf 75' lang='lat' dir='ltr'>ostendere</span> <span class='ocrx_word' id='word_1_87' title='bbox 1587 1181 1743 1222; x_wconf 90' lang='lat' dir='ltr'>coram,</span> 
     </span>
     <span class='ocr_line' id='line_1_24' title="bbox 463 1239 1739 1302; baseline -0.001 -15"><span class='ocrx_word' id='word_1_88' title='bbox 463 1245 714 1301; x_wconf 90' lang='lat' dir='ltr'>iampridem</span> <span class='ocrx_word' id='word_1_89' title='bbox 745 1245 857 1288; x_wconf 89' lang='lat' dir='ltr'>hanc</span> <span class='ocrx_word' id='word_1_90' title='bbox 887 1245 1052 1302; x_wconf 89' lang='lat' dir='ltr'>prolem</span> <span class='ocrx_word' id='word_1_91' title='bbox 1085 1244 1211 1300; x_wconf 89' lang='lat' dir='ltr'>cupio</span> <span class='ocrx_word' id='word_1_92' title='bbox 1245 1258 1492 1287; x_wconf 74' lang='lat' dir='ltr'>enumerare</span> <span class='ocrx_word' id='word_1_93' title='bbox 1523 1239 1739 1299; x_wconf 84' lang='lat' dir='ltr'>meorum,</span> 
     </span>
     <span class='ocr_line' id='line_1_25' title="bbox 462 1321 1483 1380; baseline -0.001 -15"><span class='ocrx_word' id='word_1_94' title='bbox 462 1337 547 1378; x_wconf 92' lang='lat' dir='ltr'>quo</span> <span class='ocrx_word' id='word_1_95' title='bbox 579 1322 715 1380; x_wconf 86' lang='lat' dir='ltr'>magis</span> <span class='ocrx_word' id='word_1_96' title='bbox 746 1321 872 1365; x_wconf 86' lang='lat' dir='ltr'>Italia</span> <span class='ocrx_word' id='word_1_97' title='bbox 902 1336 1070 1366; x_wconf 89' lang='lat' dir='ltr'>mecum</span> <span class='ocrx_word' id='word_1_98' title='bbox 1101 1322 1258 1364; x_wconf 90' lang='lat' dir='ltr'>laetere</span> <span class='ocrx_word' id='word_1_99' title='bbox 1289 1321 1483 1377; x_wconf 60' lang='lat' dir='ltr'>reperta?</span> 
     </span>
    </p>

    <p class='ocr_par' dir='ltr' id='par_1_20' title="bbox 462 1399 1863 1533">
     <span class='ocr_line' id='line_1_26' title="bbox 463 1399 1863 1456; baseline -0.001 -13"><span class='ocrx_word' id='word_1_100' title='bbox 463 1401 504 1443; x_wconf 81' lang='lat' dir='ltr'>‘o</span> <span class='ocrx_word' id='word_1_101' title='bbox 536 1403 659 1456; x_wconf 84' lang='lat' dir='ltr'>pater</span> <span class='ocrx_word' id='word_1_102' title='bbox 689 1415 798 1443; x_wconf 89' lang='lat' dir='ltr'>anne</span> <span class='ocrx_word' id='word_1_103' title='bbox 830 1400 994 1456; x_wconf 81' lang='lat' dir='ltr'>aliquas</span> <span class='ocrx_word' id='word_1_104' title='bbox 1026 1399 1078 1442; x_wconf 87' lang='lat' dir='ltr'>ad</span> <span class='ocrx_word' id='word_1_105' title='bbox 1109 1399 1274 1442; x_wconf 89' lang='lat' dir='ltr'>caelum</span> <span class='ocrx_word' id='word_1_106' title='bbox 1306 1399 1407 1442; x_wconf 90' lang='lat' dir='ltr'>hinc</span> <span class='ocrx_word' id='word_1_107' title='bbox 1437 1399 1498 1441; x_wconf 86' lang='lat' dir='ltr'>ire</span> <span class='ocrx_word' id='word_1_108' title='bbox 1528 1399 1765 1455; x_wconf 89' lang='lat' dir='ltr'>putandum</span> <span class='ocrx_word' id='word_1_109' title='bbox 1798 1401 1863 1442; x_wconf 84' lang='lat' dir='ltr'>est</span> 
     </span>
     <span class='ocr_line' id='line_1_27' title="bbox 462 1477 1565 1533; baseline -0.001 -13"><span class='ocrx_word' id='word_1_110' title='bbox 462 1478 657 1521; x_wconf 89' lang='lat' dir='ltr'>sublimis</span> <span class='ocrx_word' id='word_1_111' title='bbox 690 1477 872 1533; x_wconf 84' lang='lat' dir='ltr'>animas,</span> <span class='ocrx_word' id='word_1_112' title='bbox 902 1477 1143 1532; x_wconf 88' lang='lat' dir='ltr'>iterumque</span> <span class='ocrx_word' id='word_1_113' title='bbox 1175 1477 1227 1519; x_wconf 88' lang='lat' dir='ltr'>ad</span> <span class='ocrx_word' id='word_1_114' title='bbox 1257 1477 1379 1520; x_wconf 89' lang='lat' dir='ltr'>tarda</span> <span class='ocrx_word' id='word_1_115' title='bbox 1408 1477 1565 1520; x_wconf 88' lang='lat' dir='ltr'>reverti</span> 
     </span>
    </p>

    <p class='ocr_par' dir='ltr' id='par_1_21' title="bbox 464 1554 1620 1611">
     <span class='ocr_line' id='line_1_28' title="bbox 464 1554 1620 1611; baseline -0.001 -13"><span class='ocrx_word' id='word_1_116' title='bbox 464 1555 671 1611; x_wconf 80' lang='lat' dir='ltr'>corpora?</span> <span class='ocrx_word' id='word_1_117' title='bbox 702 1569 811 1611; x_wconf 88' lang='lat' dir='ltr'>quae</span> <span class='ocrx_word' id='word_1_118' title='bbox 840 1555 949 1598; x_wconf 90' lang='lat' dir='ltr'>lucis</span> <span class='ocrx_word' id='word_1_119' title='bbox 981 1554 1146 1597; x_wconf 87' lang='lat' dir='ltr'>miseris</span> <span class='ocrx_word' id='word_1_120' title='bbox 1177 1557 1267 1597; x_wconf 91' lang='lat' dir='ltr'>tam</span> <span class='ocrx_word' id='word_1_121' title='bbox 1299 1554 1391 1597; x_wconf 87' lang='lat' dir='ltr'>dira</span> <span class='ocrx_word' id='word_1_122' title='bbox 1422 1554 1620 1610; x_wconf 55' lang='lat' dir='ltr'>cupido?</span> 
     </span>
    </p>

    <p class='ocr_par' dir='ltr' id='par_1_22' title="bbox 460 1631 1687 1922">
     <span class='ocr_line' id='line_1_29' title="bbox 462 1631 1675 1688; baseline -0.001 -13"><span class='ocrx_word' id='word_1_123' title='bbox 462 1633 616 1676; x_wconf 78' lang='lat' dir='ltr'>‘dicam</span> <span class='ocrx_word' id='word_1_124' title='bbox 649 1633 864 1688; x_wconf 85' lang='lat' dir='ltr'>equidem,</span> <span class='ocrx_word' id='word_1_125' title='bbox 894 1646 974 1675; x_wconf 89' lang='lat' dir='ltr'>nec</span> <span class='ocrx_word' id='word_1_126' title='bbox 1003 1634 1047 1675; x_wconf 90' lang='lat' dir='ltr'>te</span> <span class='ocrx_word' id='word_1_127' title='bbox 1078 1646 1332 1688; x_wconf 86' lang='lat' dir='ltr'>suspensum</span> <span class='ocrx_word' id='word_1_128' title='bbox 1363 1634 1462 1674; x_wconf 86' lang='lat' dir='ltr'>nate</span> <span class='ocrx_word' id='word_1_129' title='bbox 1493 1631 1675 1687; x_wconf 90' lang='lat' dir='ltr'>tenebo,&#39;</span> 
     </span>
     <span class='ocr_line' id='line_1_30' title="bbox 461 1709 1624 1766; baseline -0.002 -13"><span class='ocrx_word' id='word_1_130' title='bbox 461 1710 640 1766; x_wconf 84' lang='lat' dir='ltr'>suscipit</span> <span class='ocrx_word' id='word_1_131' title='bbox 669 1709 898 1765; x_wconf 88' lang='lat' dir='ltr'>Anchises,</span> <span class='ocrx_word' id='word_1_132' title='bbox 930 1712 1057 1765; x_wconf 87' lang='lat' dir='ltr'>atque</span> <span class='ocrx_word' id='word_1_133' title='bbox 1089 1709 1235 1752; x_wconf 89' lang='lat' dir='ltr'>ordine</span> <span class='ocrx_word' id='word_1_134' title='bbox 1267 1709 1436 1766; x_wconf 90' lang='lat' dir='ltr'>singula</span> <span class='ocrx_word' id='word_1_135' title='bbox 1465 1709 1624 1765; x_wconf 87' lang='lat' dir='ltr'>pandit.</span> 
     </span>
     <span class='ocr_line' id='line_1_31' title="bbox 463 1786 1687 1844; baseline -0.001 -14"><span class='ocrx_word' id='word_1_136' title='bbox 463 1787 688 1844; x_wconf 88' lang='lat' dir='ltr'>‘principio</span> <span class='ocrx_word' id='word_1_137' title='bbox 722 1788 886 1830; x_wconf 86' lang='lat' dir='ltr'>caelum</span> <span class='ocrx_word' id='word_1_138' title='bbox 919 1802 968 1830; x_wconf 86' lang='lat' dir='ltr'>ac</span> <span class='ocrx_word' id='word_1_139' title='bbox 997 1790 1150 1843; x_wconf 89' lang='lat' dir='ltr'>terras,</span> <span class='ocrx_word' id='word_1_140' title='bbox 1182 1801 1441 1843; x_wconf 88' lang='lat' dir='ltr'>camposque</span> <span class='ocrx_word' id='word_1_141' title='bbox 1470 1786 1687 1842; x_wconf 89' lang='lat' dir='ltr'>liquentis,</span> 
     </span>
     <span class='ocr_line' id='line_1_32' title="bbox 460 1863 1605 1922; baseline -0.001 -15"><span class='ocrx_word' id='word_1_142' title='bbox 460 1866 760 1920; x_wconf 88' lang='lat' dir='ltr'>lucentemque</span> <span class='ocrx_word' id='word_1_143' title='bbox 791 1865 968 1922; x_wconf 87' lang='lat' dir='ltr'>globum</span> <span class='ocrx_word' id='word_1_144' title='bbox 999 1864 1164 1920; x_wconf 89' lang='lat' dir='ltr'>Lunae,</span> <span class='ocrx_word' id='word_1_145' title='bbox 1194 1863 1448 1919; x_wconf 78' lang='lat' dir='ltr'>Titaniaque</span> <span class='ocrx_word' id='word_1_146' title='bbox 1480 1866 1605 1920; x_wconf 87' lang='lat' dir='ltr'>astra,</span> 
     </span>
    </p>

    <p class='ocr_par' dir='ltr' id='par_1_23' title="bbox 462 1941 1587 1999">
     <span class='ocr_line' id='line_1_33' title="bbox 462 1941 1587 1999; baseline 0 -15"><span class='ocrx_word' id='word_1_147' title='bbox 462 1942 636 1999; x_wconf 87' lang='lat' dir='ltr'>spiritus</span> <span class='ocrx_word' id='word_1_148' title='bbox 668 1943 783 1985; x_wconf 90' lang='lat' dir='ltr'>intus</span> <span class='ocrx_word' id='word_1_149' title='bbox 816 1943 910 1998; x_wconf 78' lang='lat' dir='ltr'>ah&#39;t,</span> <span class='ocrx_word' id='word_1_150' title='bbox 939 1944 1162 1997; x_wconf 86' lang='lat' dir='ltr'>totamque</span> <span class='ocrx_word' id='word_1_151' title='bbox 1193 1941 1335 1984; x_wconf 87' lang='lat' dir='ltr'>infusa</span> <span class='ocrx_word' id='word_1_152' title='bbox 1364 1956 1441 1998; x_wconf 91' lang='lat' dir='ltr'>per</span> <span class='ocrx_word' id='word_1_153' title='bbox 1471 1944 1587 1984; x_wconf 84' lang='lat' dir='ltr'>artus</span> 
     </span>
    </p>

    <p class='ocr_par' dir='ltr' id='par_1_24' title="bbox 460 2018 1819 2310">
     <span class='ocr_line' id='line_1_34' title="bbox 463 2018 1696 2077; baseline -0.001 -15"><span class='ocrx_word' id='word_1_154' title='bbox 463 2034 581 2063; x_wconf 87' lang='lat' dir='ltr'>mens</span> <span class='ocrx_word' id='word_1_155' title='bbox 614 2020 749 2077; x_wconf 85' lang='lat' dir='ltr'>agitat</span> <span class='ocrx_word' id='word_1_156' title='bbox 780 2020 957 2075; x_wconf 87' lang='lat' dir='ltr'>molem,</span> <span class='ocrx_word' id='word_1_157' title='bbox 988 2022 1031 2063; x_wconf 88' lang='lat' dir='ltr'>et</span> <span class='ocrx_word' id='word_1_158' title='bbox 1062 2034 1218 2077; x_wconf 86' lang='lat' dir='ltr'>magno</span> <span class='ocrx_word' id='word_1_159' title='bbox 1251 2033 1296 2062; x_wconf 88' lang='lat' dir='ltr'>se</span> <span class='ocrx_word' id='word_1_160' title='bbox 1327 2033 1505 2075; x_wconf 87' lang='lat' dir='ltr'>corpore</span> <span class='ocrx_word' id='word_1_161' title='bbox 1535 2018 1696 2062; x_wconf 87' lang='lat' dir='ltr'>miscet.</span> 
     </span>
     <span class='ocr_line' id='line_1_35' title="bbox 460 2096 1819 2154; baseline -0.001 -14"><span class='ocrx_word' id='word_1_162' title='bbox 460 2098 557 2140; x_wconf 86' lang='lat' dir='ltr'>inde</span> <span class='ocrx_word' id='word_1_163' title='bbox 587 2098 812 2141; x_wconf 91' lang='lat' dir='ltr'>hominum</span> <span class='ocrx_word' id='word_1_164' title='bbox 843 2098 1141 2153; x_wconf 89' lang='lat' dir='ltr'>pecudumque</span> <span class='ocrx_word' id='word_1_165' title='bbox 1173 2111 1325 2154; x_wconf 87' lang='lat' dir='ltr'>genus,</span> <span class='ocrx_word' id='word_1_166' title='bbox 1356 2096 1553 2152; x_wconf 84' lang='lat' dir='ltr'>vitaeque</span> <span class='ocrx_word' id='word_1_167' title='bbox 1584 2097 1819 2152; x_wconf 83' lang='lat' dir='ltr'>volantum,</span> 
     </span>
     <span class='ocr_line' id='line_1_36' title="bbox 461 2174 1773 2230; baseline -0.002 -12"><span class='ocrx_word' id='word_1_168' title='bbox 461 2177 503 2218; x_wconf 91' lang='lat' dir='ltr'>et</span> <span class='ocrx_word' id='word_1_169' title='bbox 535 2190 644 2230; x_wconf 87' lang='lat' dir='ltr'>quae</span> <span class='ocrx_word' id='word_1_170' title='bbox 674 2190 913 2218; x_wconf 89' lang='lat' dir='ltr'>marmoreo</span> <span class='ocrx_word' id='word_1_171' title='bbox 944 2175 1028 2218; x_wconf 86' lang='lat' dir='ltr'>fert</span> <span class='ocrx_word' id='word_1_172' title='bbox 1059 2177 1251 2217; x_wconf 90' lang='lat' dir='ltr'>monstra</span> <span class='ocrx_word' id='word_1_173' title='bbox 1281 2174 1360 2217; x_wconf 87' lang='lat' dir='ltr'>sub</span> <span class='ocrx_word' id='word_1_174' title='bbox 1393 2188 1575 2229; x_wconf 89' lang='lat' dir='ltr'>aequore</span> <span class='ocrx_word' id='word_1_175' title='bbox 1605 2176 1773 2230; x_wconf 89' lang='lat' dir='ltr'>pontus.</span> 
     </span>
     <span class='ocr_line' id='line_1_37' title="bbox 462 2252 1442 2310; baseline -0.001 -15"><span class='ocrx_word' id='word_1_176' title='bbox 462 2253 612 2310; x_wconf 85' lang='lat' dir='ltr'>igneus</span> <span class='ocrx_word' id='word_1_177' title='bbox 645 2255 709 2295; x_wconf 90' lang='lat' dir='ltr'>est</span> <span class='ocrx_word' id='word_1_178' title='bbox 740 2252 837 2295; x_wconf 75' lang='lat' dir='ltr'>ollis</span> <span class='ocrx_word' id='word_1_179' title='bbox 868 2252 992 2310; x_wconf 87' lang='lat' dir='ltr'>vigor</span> <span class='ocrx_word' id='word_1_180' title='bbox 1023 2255 1065 2295; x_wconf 90' lang='lat' dir='ltr'>et</span> <span class='ocrx_word' id='word_1_181' title='bbox 1096 2252 1289 2296; x_wconf 89' lang='lat' dir='ltr'>caelestis</span> <span class='ocrx_word' id='word_1_182' title='bbox 1322 2252 1442 2309; x_wconf 89' lang='lat' dir='ltr'>origo</span> 
     </span>
    </p>

    <p class='ocr_par' dir='ltr' id='par_1_25' title="bbox 460 2329 1915 2618">
     <span class='ocr_line' id='line_1_38' title="bbox 461 2329 1655 2386; baseline 0 -14"><span class='ocrx_word' id='word_1_183' title='bbox 461 2330 716 2385; x_wconf 81' lang='lat' dir='ltr'>seminibus,</span> <span class='ocrx_word' id='word_1_184' title='bbox 747 2332 957 2385; x_wconf 85' lang='lat' dir='ltr'>quantum</span> <span class='ocrx_word' id='word_1_185' title='bbox 988 2345 1076 2374; x_wconf 94' lang='lat' dir='ltr'>non</span> <span class='ocrx_word' id='word_1_186' title='bbox 1105 2330 1235 2373; x_wconf 82' lang='lat' dir='ltr'>noxia</span> <span class='ocrx_word' id='word_1_187' title='bbox 1265 2344 1444 2386; x_wconf 89' lang='lat' dir='ltr'>corpora</span> <span class='ocrx_word' id='word_1_188' title='bbox 1473 2329 1655 2384; x_wconf 86' lang='lat' dir='ltr'>tardant,</span> 
     </span>
     <span class='ocr_line' id='line_1_39' title="bbox 460 2406 1702 2463; baseline -0.002 -13"><span class='ocrx_word' id='word_1_189' title='bbox 460 2408 702 2463; x_wconf 91' lang='lat' dir='ltr'>terrenique</span> <span class='ocrx_word' id='word_1_190' title='bbox 732 2408 937 2451; x_wconf 86' lang='lat' dir='ltr'>hebetant</span> <span class='ocrx_word' id='word_1_191' title='bbox 968 2411 1102 2463; x_wconf 83' lang='lat' dir='ltr'>artus,</span> <span class='ocrx_word' id='word_1_192' title='bbox 1133 2407 1471 2462; x_wconf 88' lang='lat' dir='ltr'>moribundaque</span> <span class='ocrx_word' id='word_1_193' title='bbox 1502 2406 1702 2450; x_wconf 88' lang='lat' dir='ltr'>membra.</span> 
     </span>
     <span class='ocr_line' id='line_1_40' title="bbox 460 2485 1915 2542; baseline -0.001 -15"><span class='ocrx_word' id='word_1_194' title='bbox 460 2485 560 2528; x_wconf 93' lang='lat' dir='ltr'>hinc</span> <span class='ocrx_word' id='word_1_195' title='bbox 591 2488 788 2528; x_wconf 88' lang='lat' dir='ltr'>metuunt</span> <span class='ocrx_word' id='word_1_196' title='bbox 819 2486 1099 2542; x_wconf 89' lang='lat' dir='ltr'>cupiuntque,</span> <span class='ocrx_word' id='word_1_197' title='bbox 1131 2485 1276 2528; x_wconf 91' lang='lat' dir='ltr'>dolent</span> <span class='ocrx_word' id='word_1_198' title='bbox 1307 2485 1596 2542; x_wconf 88' lang='lat' dir='ltr'>gaudentque,</span> <span class='ocrx_word' id='word_1_199' title='bbox 1624 2498 1762 2539; x_wconf 91' lang='lat' dir='ltr'>neque</span> <span class='ocrx_word' id='word_1_200' title='bbox 1793 2497 1915 2526; x_wconf 88' lang='lat' dir='ltr'>auras</span> 
     </span>
     <span class='ocr_line' id='line_1_41' title="bbox 461 2562 1562 2618; baseline -0.001 -14"><span class='ocrx_word' id='word_1_201' title='bbox 461 2562 709 2618; x_wconf 81' lang='lat' dir='ltr'>dispiciunt,</span> <span class='ocrx_word' id='word_1_202' title='bbox 740 2563 908 2606; x_wconf 88' lang='lat' dir='ltr'>clausae</span> <span class='ocrx_word' id='word_1_203' title='bbox 937 2563 1124 2606; x_wconf 89' lang='lat' dir='ltr'>tenebris</span> <span class='ocrx_word' id='word_1_204' title='bbox 1157 2565 1199 2606; x_wconf 88' lang='lat' dir='ltr'>et</span> <span class='ocrx_word' id='word_1_205' title='bbox 1230 2576 1396 2605; x_wconf 88' lang='lat' dir='ltr'>carcere</span> <span class='ocrx_word' id='word_1_206' title='bbox 1427 2575 1562 2605; x_wconf 91' lang='lat' dir='ltr'>caeco.</span> 
     </span>
    </p>

    <p class='ocr_par' dir='ltr' id='par_1_26' title="bbox 460 2639 1524 2696">
     <span class='ocr_line' id='line_1_42' title="bbox 460 2639 1524 2696; baseline 0 -15"><span class='ocrx_word' id='word_1_207' title='bbox 460 2639 564 2694; x_wconf 91' lang='lat' dir='ltr'>quin</span> <span class='ocrx_word' id='word_1_208' title='bbox 595 2643 638 2682; x_wconf 89' lang='lat' dir='ltr'>et</span> <span class='ocrx_word' id='word_1_209' title='bbox 669 2654 868 2696; x_wconf 88' lang='lat' dir='ltr'>supremo</span> <span class='ocrx_word' id='word_1_210' title='bbox 901 2655 998 2684; x_wconf 91' lang='lat' dir='ltr'>cum</span> <span class='ocrx_word' id='word_1_211' title='bbox 1028 2640 1191 2683; x_wconf 90' lang='lat' dir='ltr'>lumine</span> <span class='ocrx_word' id='word_1_212' title='bbox 1221 2640 1310 2683; x_wconf 82' lang='lat' dir='ltr'>vita</span> <span class='ocrx_word' id='word_1_213' title='bbox 1339 2639 1524 2694; x_wconf 82' lang='lat' dir='ltr'>reliquit,</span> 
     </span>
    </p>

    <p class='ocr_par' dir='ltr' id='par_1_27' title="bbox 460 2715 1796 2928">
     <span class='ocr_line' id='line_1_43' title="bbox 460 2715 1796 2773; baseline -0.001 -14"><span class='ocrx_word' id='word_1_214' title='bbox 460 2731 548 2759; x_wconf 93' lang='lat' dir='ltr'>non</span> <span class='ocrx_word' id='word_1_215' title='bbox 577 2719 722 2760; x_wconf 88' lang='lat' dir='ltr'>tamen</span> <span class='ocrx_word' id='word_1_216' title='bbox 753 2733 879 2761; x_wconf 86' lang='lat' dir='ltr'>omne</span> <span class='ocrx_word' id='word_1_217' title='bbox 909 2719 1071 2761; x_wconf 88' lang='lat' dir='ltr'>malum</span> <span class='ocrx_word' id='word_1_218' title='bbox 1103 2717 1286 2773; x_wconf 89' lang='lat' dir='ltr'>miseris,</span> <span class='ocrx_word' id='word_1_219' title='bbox 1316 2731 1396 2760; x_wconf 90' lang='lat' dir='ltr'>nec</span> <span class='ocrx_word' id='word_1_220' title='bbox 1425 2715 1617 2759; x_wconf 87' lang='lat' dir='ltr'>funditus</span> <span class='ocrx_word' id='word_1_221' title='bbox 1650 2729 1796 2758; x_wconf 89' lang='lat' dir='ltr'>omnes</span> 
     </span>
     <span class='ocr_line' id='line_1_44' title="bbox 461 2795 1700 2852; baseline -0.001 -16"><span class='ocrx_word' id='word_1_222' title='bbox 461 2808 688 2850; x_wconf 87' lang='lat' dir='ltr'>corporeae</span> <span class='ocrx_word' id='word_1_223' title='bbox 720 2796 928 2839; x_wconf 85' lang='lat' dir='ltr'>excedunt</span> <span class='ocrx_word' id='word_1_224' title='bbox 958 2798 1118 2852; x_wconf 88' lang='lat' dir='ltr'>pestes,</span> <span class='ocrx_word' id='word_1_225' title='bbox 1148 2795 1403 2851; x_wconf 86' lang='lat' dir='ltr'>penitusque</span> <span class='ocrx_word' id='word_1_226' title='bbox 1433 2807 1604 2836; x_wconf 85' lang='lat' dir='ltr'>necesse</span> <span class='ocrx_word' id='word_1_227' title='bbox 1636 2795 1700 2836; x_wconf 90' lang='lat' dir='ltr'>est</span> 
     </span>
     <span class='ocr_line' id='line_1_45' title="bbox 462 2871 1536 2928; baseline -0.002 -14"><span class='ocrx_word' id='word_1_228' title='bbox 462 2872 598 2914; x_wconf 87' lang='lat' dir='ltr'>multa</span> <span class='ocrx_word' id='word_1_229' title='bbox 628 2872 700 2914; x_wconf 91' lang='lat' dir='ltr'>diu</span> <span class='ocrx_word' id='word_1_230' title='bbox 733 2876 947 2928; x_wconf 85' lang='lat' dir='ltr'>concreta,</span> <span class='ocrx_word' id='word_1_231' title='bbox 977 2873 1115 2916; x_wconf 84' lang='lat' dir='ltr'>modis</span> <span class='ocrx_word' id='word_1_232' title='bbox 1146 2873 1377 2915; x_wconf 83' lang='lat' dir='ltr'>inolescere</span> <span class='ocrx_word' id='word_1_233' title='bbox 1408 2871 1536 2913; x_wconf 78' lang='lat' dir='ltr'>miris.</span> 
     </span>
    </p>

    <p class='ocr_par' dir='ltr' id='par_1_28' title="bbox 462 2948 1588 3083">
     <span class='ocr_line' id='line_1_46' title="bbox 462 2948 1588 3006; baseline -0.001 -15"><span class='ocrx_word' id='word_1_234' title='bbox 462 2963 562 3005; x_wconf 86' lang='lat' dir='ltr'>ergo</span> <span class='ocrx_word' id='word_1_235' title='bbox 595 2953 843 2992; x_wconf 88' lang='lat' dir='ltr'>exercentur</span> <span class='ocrx_word' id='word_1_236' title='bbox 872 2951 1040 3006; x_wconf 91' lang='lat' dir='ltr'>poenis,</span> <span class='ocrx_word' id='word_1_237' title='bbox 1071 2953 1348 3004; x_wconf 85' lang='lat' dir='ltr'>veterumque</span> <span class='ocrx_word' id='word_1_238' title='bbox 1378 2948 1588 2991; x_wconf 88' lang='lat' dir='ltr'>malorum</span> 
     </span>
     <span class='ocr_line' id='line_1_47' title="bbox 462 3026 1550 3083; baseline -0.001 -15"><span class='ocrx_word' id='word_1_239' title='bbox 462 3026 671 3082; x_wconf 87' lang='lat' dir='ltr'>supplicia</span> <span class='ocrx_word' id='word_1_240' title='bbox 702 3027 963 3082; x_wconf 87' lang='lat' dir='ltr'>expendunt:</span> <span class='ocrx_word' id='word_1_241' title='bbox 995 3027 1101 3070; x_wconf 87' lang='lat' dir='ltr'>aliae</span> <span class='ocrx_word' id='word_1_242' title='bbox 1131 3027 1375 3083; x_wconf 88' lang='lat' dir='ltr'>panduntur</span> <span class='ocrx_word' id='word_1_243' title='bbox 1404 3026 1550 3067; x_wconf 88' lang='lat' dir='ltr'>inanes</span> 
     </span>
    </p>
   </div>
   <div class='ocr_carea' id='block_1_15' title="bbox 248 3163 1950 3252">
    <p class='ocr_par' dir='ltr' id='par_1_29' title="bbox 248 3163 1950 3252">
     <span class='ocr_line' id='line_1_48' title="bbox 248 3163 1950 3252; baseline -0.002 -50"><span class='ocrx_word' id='word_1_244' title='bbox 248 3225 328 3249; x_wconf 68' lang='lat' dir='ltr'>mm</span> <span class='ocrx_word' id='word_1_245' title='bbox 344 3166 554 3252; x_wconf 55' lang='grc' dir='ltr'>ΊὲἕΡἘΙιιίῑὶ</span> <span class='ocrx_word' id='word_1_246' title='bbox 579 3166 706 3203; x_wconf 77' lang='lat' dir='ltr'>FGM</span> <span class='ocrx_word' id='word_1_247' title='bbox 805 3169 873 3202; x_wconf 79' lang='grc'>’119</span> <span class='ocrx_word' id='word_1_248' title='bbox 899 3167 956 3202; x_wconf 85' lang='lat' dir='ltr'>est</span> <span class='ocrx_word' id='word_1_249' title='bbox 979 3167 1069 3212; x_wconf 79' lang='lat' dir='ltr'>fehlt</span> <span class='ocrx_word' id='word_1_250' title='bbox 1092 3168 1134 3203; x_wconf 78' lang='lat' dir='ltr'>in</span> <span class='ocrx_word' id='word_1_251' title='bbox 1158 3166 1200 3203; x_wconf 80' lang='lat' dir='ltr'><strong><em>F</em></strong></span> <span class='ocrx_word' id='word_1_252' title='bbox 1292 3169 1358 3201; x_wconf 80' lang='lat'>721</span> <span class='ocrx_word' id='word_1_253' title='bbox 1386 3164 1524 3211; x_wconf 87' lang='lat' dir='ltr'>cupido</span> <span class='ocrx_word' id='word_1_254' title='bbox 1549 3165 1607 3201; x_wconf 81' lang='lat' dir='ltr'>est</span> <span class='ocrx_word' id='word_1_255' title='bbox 1630 3164 1687 3201; x_wconf 79' lang='lat' dir='ltr'>F¹</span> <span class='ocrx_word' id='word_1_256' title='bbox 1784 3166 1853 3199; x_wconf 80' lang='lat'>‘124</span> <span class='ocrx_word' id='word_1_257' title='bbox 1877 3163 1950 3199; x_wconf 79' lang='lat' dir='ltr'>ter-</span> 
     </span>
    </p>
   </div>
  </div>
 </body>
</html>
