2112 3464
292 183 376 225 102
1073 182 1211 219 TEXT.

502 306 677 348 campus
710 293 808 348 aget
839 291 1043 349 gemitus,
1073 293 1142 335 vel
1173 307 1281 348 quae
1313 292 1511 337 Tiberine
1541 294 1704 338 videbis

501 369 669 425 funera,
701 383 798 412 cum
827 370 1042 412 tumulum
1073 371 1382 426 praeterlabere
1412 374 1637 415 recentem.

291 457 360 490 875
503 461 582 490 nec
611 461 719 503 puer
747 445 879 490 Iliaca
909 447 1135 503 quisquam
1167 447 1219 490 de
1249 450 1376 505 gente
1407 449 1583 493 Latinos

503 525 549 567 in
578 526 747 567 tantum
778 538 853 580 spe
882 525 1007 567 tollet
1038 540 1158 581 avos,
1188 540 1267 569 nec
1297 525 1483 570 Romula
1513 528 1729 583 quondam

503 602 591 644 ullo
624 616 669 644 se
698 604 867 644 tantum
897 602 1024 645 tellus
1056 602 1231 645 iactabit
1262 604 1446 646 alumno.

502 680 587 722 heu
617 679 773 735 pietas,
802 680 887 722 heu
917 680 1057 735 prisca
1087 680 1211 736 fides,
1241 681 1484 737 invictaque
1514 683 1628 725 bello

291 756 448 799 FMPR
502 757 691 799 dextera:
721 771 810 799 non
839 757 903 799 illi
935 771 979 799 se
1010 757 1236 812 quisquam
1268 758 1442 814 impune
1472 759 1641 802 tulisset

291 844 360 877 880
505 834 655 878 obvius
687 837 869 890 armato,
900 849 974 877 seu
1006 849 1103 878 cum
1134 835 1262 891 pedes
1293 836 1374 878 iret
1404 836 1449 878 in
1479 837 1660 892 hostem,

505 926 579 955 seu
610 913 847 968 spumantis
879 913 977 967 equi
1007 912 1171 955 foderet
1202 913 1434 956 calcaribus
1467 928 1616 957 armos.

485 977 588 1032 'heu
619 990 855 1032 miserande
885 1004 1008 1045 puer:
1039 990 1075 1032 si
1107 1005 1191 1045 qua
1220 990 1310 1032 fata
1341 1005 1490 1046 aspera
1519 1006 1706 1047 rumpaS,

503 1069 552 1109 tu
582 1066 808 1109 Marcellus
841 1067 933 1109 eris.
995 1067 1191 1109 manibus
1223 1067 1319 1110 date
1348 1068 1440 1110 lilia
1469 1068 1621 1124 plenis,
1631 1056 1642 1085 ¹*

504 1158 739 1200 purpureos
772 1158 970 1200 spargam
1001 1144 1146 1199 flores,
1178 1144 1449 1199 animamque
1479 1146 1648 1201 nepotis

292 1232 361 1265 885
504 1221 571 1263 his
597 1221 753 1263 xsaltem
786 1221 1052 1264 adcumulem
1085 1221 1224 1277 dom's,
1256 1224 1298 1264 et
1327 1222 1483 1279 fungar
1513 1223 1629 1265 inani

506 1299 706 1341 munere.'
769 1298 830 1341 sic
859 1301 952 1341 tota
981 1299 1140 1354 passim
1171 1299 1345 1356 regione
1375 1302 1598 1356 vagantur,

507 1376 613 1418 aeris
645 1376 690 1418 in
721 1376 881 1431 campis
912 1376 1030 1431 latis,
1061 1378 1188 1431 atque
1220 1377 1364 1419 omnia
1392 1377 1588 1420 lustrant.

507 1468 615 1508 quae
646 1455 873 1508 postquam
906 1452 1114 1496 Anchises
1145 1456 1293 1496 natum
1325 1469 1401 1509 per
1432 1454 1601 1511 singula
1631 1455 1765 1510 duxit,

506 1530 778 1585 incenditque
809 1530 998 1572 anjmum
1029 1531 1167 1573 famae
1198 1531 1406 1574 venientis
1439 1546 1594 1587 amore,

294 1619 364 1652 890
508 1608 606 1650 exin
635 1608 748 1650 bella
778 1608 869 1650 viro
901 1611 1109 1650 memorat
1140 1623 1248 1663 quae
1280 1608 1430 1651 deinde
1461 1609 1658 1666 gerenda,

507 1685 815 1740 Laurentisque
847 1685 970 1727 docet
1000 1687 1183 1741 populos
1215 1686 1449 1741 urbemque
1480 1686 1636 1742 Latini,

509 1765 551 1806 et
581 1777 666 1818 quo
699 1777 910 1818 quemque
941 1763 1068 1806 modo
1099 1763 1322 1820 fugiatque
1352 1763 1545 1819 feratque
1575 1764 1777 1807 laborem.

579 1839 689 1883 Sunt
719 1840 913 1897 geminae
945 1839 1094 1883 Somni
1123 1843 1291 1897 portae3
1322 1855 1502 1895 quarum
1533 1842 1667 1884 altera
1695 1842 1831 1884 fertur

510 1933 680 1974 cornea,
711 1933 796 1973 qua
826 1918 936 1961 veris
966 1917 1104 1960 facilis
1137 1918 1260 1960 datur
1291 1918 1430 1960 exitus
1460 1919 1642 1975 umbris3

296 2008 365 2040 895
509 1997 642 2039 altera
673 1996 868 2038 candenti
898 1995 1087 2051 perfecta
1116 1996 1256 2038 nitens
1289 1996 1529 2051 elephanto,

509 2074 583 2116 sed
613 2074 722 2116 falsa
753 2074 805 2116 ad
836 2074 1000 2116 caelum
1032 2074 1210 2115 mittunt
1240 2073 1453 2116 insomnia
1482 2087 1638 2116 manes.

509 2152 575 2194 his
607 2152 681 2194 ubi
712 2154 805 2194 tum
836 2154 984 2193 natum
1015 2149 1224 2193 Anchises
1256 2165 1424 2205 unaque
1456 2149 1665 2206 Sibyllam

509 2229 782 2285 prosequitur
812 2229 954 2283 dictis,
984 2230 1192 2284 portaque
1225 2228 1382 2270 emittit
1413 2228 1586 2283 eburna,

510 2307 581 2349 ille
612 2306 725 2349 viam
757 2308 872 2348 secat
903 2306 956 2348 ad
985 2305 1125 2360 navis,
1157 2305 1379 2360 sociosque
1409 2305 1575 2361 revisit3

299 2395 367 2426 900
509 2386 602 2425 tum
634 2398 678 2425 se
710 2383 763 2426 ad
795 2381 963 2425 Caietae
994 2385 1110 2425 recto
1141 2382 1225 2424 fert
1253 2382 1378 2424 litore
1408 2383 1592 2438 portum.

301 2458 304 2461 ’
511 2461 686 2516 [ancora
716 2461 767 2503 de
797 2475 925 2516 prora
955 2460 1124 2515 iacitur,
1155 2462 1269 2502 stant
1298 2459 1424 2502 litore
1454 2458 1650 2515 puppes]

394 3129 462 3161 876
489 3136 572 3172 spes
598 3127 635 3163 R
749 3129 817 3161 890
843 3126 941 3161 exim
966 3126 1019 3162 F¹
1133 3129 1201 3161 897
1226 3125 1281 3161 ibi
1305 3126 1416 3162 FPR
1528 3129 1595 3161 901
1623 3126 1713 3170 fehlt
1735 3127 1787 3162 im
1814 3126 1905 3162 Teaet
1927 3136 1999 3162 von

300 3173 432 3218 MPR,
455 3174 580 3220 yetilqt
602 3184 672 3210 von
696 3174 859 3221 Benlley.
