2132 3470
238 206 297 250 94
934 215 938 221 '
1022 207 1161 245 TEXT.

453 332 682 374 suspensae
714 317 766 360 ad
797 319 968 373 ventos,
999 317 1092 360 aliis
1125 317 1203 360 sub
1234 317 1404 374 gurgite
1434 320 1555 361 vasto

452 395 658 438 infectum
690 395 847 438 eluitur
878 395 1034 450 scelus,
1065 396 1139 437 ant
1170 395 1361 437 exuritur
1390 395 1498 452 igni:

452 473 631 528 quisque
664 487 763 515 suos
793 472 982 528 patimur
1012 472 1159 515 manis.
1222 472 1373 515 exinde
1403 487 1480 528 per
1511 473 1701 528 amplum

452 550 663 592 mittimur
692 549 907 606 Elysium,
939 552 981 592 et
1011 550 1137 606 pauci
1166 550 1279 593 laeta
1310 565 1410 593 arva
1439 552 1647 605 tenemus,

241 637 307 669 745
453 627 587 670 donec
616 628 747 684 longa
778 627 885 683 dies,
915 627 1104 683 perfecto
1135 627 1342 683 temporis
1375 628 1488 683 orbe,

452 706 693 747 concretam
726 705 883 747 exemit
912 705 1072 760 labem,
1102 719 1342 760 purumque
1373 705 1576 759 relinquit

453 782 687 824 aetherium
721 796 891 824 sensum
924 784 1051 837 atque
1084 782 1201 824 aurai
1232 782 1438 838 simplicis
1470 782 1624 838 ignem.

452 860 528 902 has
561 859 717 915 omnis,
747 859 822 901 ubi
853 859 970 901 mille
1001 861 1139 902 rotam
1171 860 1342 902 volvere
1372 874 1449 915 per
1480 864 1625 914 annos,

452 936 687 979 Lethaeum
720 936 773 978 ad
803 936 983 979 fluvium
1016 937 1118 979 deus
1151 939 1300 980 evocat
1332 937 1501 994 agmine
1533 950 1703 993 magno,

242 1025 309 1057 750
454 1014 616 1057 scilicet
646 1014 917 1056 immemores
950 1028 1078 1070 super
1108 1016 1157 1056 ut
1188 1028 1378 1057 convexa
1407 1014 1605 1068 revisant,

451 1105 596 1134 rursus
629 1093 671 1133 et
702 1091 909 1147 incipiant
939 1091 985 1133 in
1017 1105 1196 1147 corpora
1226 1091 1336 1134 velle
1366 1091 1547 1134 reverti?

522 1168 700 1211 Dixerat
730 1167 959 1223 Anchises,
989 1170 1224 1223 natumque
1255 1182 1424 1223 unaque
1456 1166 1664 1223 Sibyllam

452 1248 685 1288 conventus
716 1245 849 1287 trahit
879 1245 925 1287 in
955 1245 1118 1288 medios
1148 1245 1404 1300 turbamque
1436 1247 1672 1300 sonantem,
1726 1236 1728 1238 ¹

452 1326 494 1365 et
524 1323 739 1365 tumulum
772 1323 904 1379 capit,
934 1322 1047 1365 unde
1079 1323 1219 1366 omnis
1250 1323 1380 1380 longo
1413 1322 1560 1365 ordine
1591 1325 1736 1378 posset

240 1411 307 1443 755
453 1401 651 1443 adversos
681 1401 843 1457 legere,
874 1402 916 1442 et
947 1400 1193 1443 venientum
1226 1401 1386 1443 discere
1417 1401 1572 1443 vultus.

237 1478 359 1521 MPR
525 1477 667 1521 ‘Nunc
698 1492 777 1535 age
808 1477 1067 1520 Dardaniam
1098 1478 1264 1534 prolem
1296 1492 1405 1533 quae
1436 1478 1587 1520 deinde
1618 1479 1819 1532 sequatur

451 1556 605 1612 gloria,
637 1556 712 1611 qui
742 1557 943 1598 maneant
960 1553 1082 1597 Itala
1112 1555 1163 1598 de
1194 1558 1321 1612 gente
1351 1557 1542 1611 nepotes,

451 1633 643 1675 inlustris
675 1633 837 1675 animas
868 1634 1149 1688 nostrumque
1179 1632 1225 1674 in
1254 1647 1413 1675 nomen
1443 1633 1588 1687 ituras,

452 1710 675 1766 expediam
708 1710 851 1765 dictis,
882 1712 925 1752 et
954 1711 998 1752 te
1028 1712 1104 1752 tua
1133 1709 1223 1752 fata
1254 1710 1425 1753 docebo.

240 1799 308 1831 760
452 1789 524 1831 ille
555 1788 673 1831 vides
703 1803 812 1844 pura
841 1787 1006 1830 iuvem's
1039 1788 1113 1843 qui
1143 1787 1295 1830 nititur
1324 1788 1460 1843 hasta,

451 1866 648 1922 proxima
679 1867 792 1908 sorte
822 1867 940 1908 tenet
969 1865 1078 1907 lucis
1109 1865 1222 1920 loca,
1252 1865 1416 1921 primus
1449 1864 1501 1907 ad
1533 1878 1656 1907 auras

452 1943 660 1986 aetherias
691 1941 800 1985 Italo
833 1942 1090 1985 commixtus
1123 1942 1329 1999 sanguine
1360 1944 1518 1999 surget,

453 2019 631 2076 Silvius,
661 2019 878 2063 Albanum
909 2034 1086 2075 nomen,
1115 2022 1191 2062 tua
1220 2022 1421 2075 postuma
1451 2019 1610 2075 proles:

451 2114 578 2153 quem
609 2098 689 2140 tibi
719 2099 929 2155 longaevo
962 2111 1103 2140 serum
1134 2097 1313 2140 Lavinia
1344 2097 1530 2140 coniunx

241 2187 307 2219 765
453 2176 604 2218 educet
635 2176 754 2218 silvis
784 2190 949 2232 regem,
978 2189 1215 2231 regumque
1245 2176 1479 2230 parentem,
1557 2164 1561 2167 ¹

452 2254 564 2296 unde
595 2268 730 2310 genus
761 2252 912 2310 Longa
941 2255 1136 2295 nostrum
1169 2252 1458 2295 dominabitur
1487 2251 1608 2294 Alba.

451 2332 672 2386 proximus
703 2331 776 2373 ille
807 2330 984 2385 Procas,
1015 2329 1223 2372 Troianae
1254 2330 1391 2387 gloria
1421 2330 1573 2386 gentis,

452 2411 494 2450 et
526 2407 684 2465 Capys,
715 2411 758 2450 et
787 2407 1009 2463 Numitor,
1041 2410 1083 2450 et
1114 2407 1188 2462 qui
1218 2409 1261 2449 te
1290 2407 1464 2450 nomine
1494 2406 1641 2449 reddet

453 2484 611 2528 Silvius
643 2485 829 2540 Aeneas,
859 2485 1018 2540 pariter
1048 2485 1207 2541 pietate
1238 2485 1307 2527 vel
1337 2485 1465 2527 armis

241 2574 308 2606 770
452 2564 668 2620 egregius,
700 2563 735 2605 si
766 2577 970 2618 umquam
1002 2562 1262 2619 regnandam
1294 2562 1504 2617 acceperit
1533 2559 1700 2603 Albam.

453 2641 526 2695 qui
557 2641 748 2696 iuvenes,
780 2643 960 2696 quantas
993 2642 1210 2682 ostentant
1241 2639 1410 2695 adspice
1441 2638 1554 2693 viris,

453 2720 580 2772 atque
611 2718 808 2760 umbrata
839 2719 993 2774 gerunt
1024 2717 1138 2760 civili
1169 2719 1364 2772 tempora
1395 2729 1571 2770 quercu:

453 2795 498 2836 hi
529 2795 609 2836 tibi
639 2794 906 2838 Nomentum
938 2797 980 2836 et
1012 2793 1169 2837 Gabios
1200 2794 1434 2848 urbemque
1464 2792 1681 2847 Fidenam,

452 2872 498 2913 hi
531 2870 763 2914 Collatinas
795 2872 1017 2927 imponent
1048 2872 1266 2914 montibus
1298 2884 1427 2925 arces,

242 2961 308 2992 775
452 2949 669 2992 Pometios
702 2948 983 3004 Castrumque
1013 2948 1109 2991 Inui
1140 2948 1377 3002 Bolamque
1409 2945 1664 3001 Coramque:

340 3165 406 3197 746
431 3161 586 3206 reliquit
609 3161 682 3197 PR
804 3163 870 3195 747
898 3170 1010 3195 aurae
1036 3160 1095 3196 die
1118 3160 1220 3204 Hss„
1252 3159 1358 3195 aurai
1383 3158 1532 3195 Servius
1650 3161 1670 3192 7
1675 3162 1719 3193 50
1745 3168 1880 3203 supera
1903 3158 1947 3192 ut

242 3208 399 3246 F²M²R
424 3210 617 3255 (superant
641 3210 687 3252 P,
714 3218 849 3253 supera
873 3211 941 3242 aut
964 3207 1032 3253 ΓΙ)
