2132 3470
325 234 410 278 100
1104 239 1244 276 TEXT.

534 347 628 401 quis
658 349 701 389 te
733 361 886 403 magne
918 346 1022 390 Cato
1053 349 1231 391 tacitum
1263 352 1336 391 aut
1366 352 1409 392 te
1442 337 1570 394 Cosse
1600 352 1825 408 relinquat,

533 425 627 479 quis
661 422 839 466 Gracchi
869 439 1022 481 genus,
1053 427 1126 467 aut
1157 426 1350 482 geminos
1382 427 1465 470 duo
1497 428 1678 471 fulmina
1707 430 1809 472 belli

533 500 769 557 Scipiadas,
801 502 963 544 cladem
994 501 1172 558 Libyae,
1202 518 1418 558 parvoque
1449 507 1668 560 potentem

531 578 791 634 Fabricium,
821 579 890 621 vel
918 581 961 621 te
993 580 1110 621 sulco
1143 578 1321 623 Serrano
1352 583 1589 624 serentem?

319 667 387 698 845
532 671 615 711 quo
648 656 807 698 fessum
838 656 987 712 rapitis
1018 655 1168 698 Fabii?
1227 659 1307 700 tun
1336 657 1547 701 Maximus
1578 659 1650 702 ille
1682 674 1739 715 es,

530 747 639 775 unus
672 733 745 788 qui
775 733 898 775 nobis
931 734 1166 775 cunctando
1199 735 1387 777 restituis
1418 736 1537 778 rem?

530 810 738 853 excudent
769 810 841 852 alii
873 810 1076 866 spirantia
1107 811 1278 853 mollius
1310 827 1407 854 aera
1436 837 1483 842 —

531 887 653 930 credo
688 887 883 942 equidem
915 912 979 942 ——,
1009 888 1129 930 vivos
1162 888 1317 930 ducent
1348 889 1398 931 de
1430 903 1640 931 marmore
1671 891 1830 946 voltus3

530 965 711 1007 orabunt
742 978 889 1007 causas
920 965 1089 1019 melius,
1121 965 1310 1020 caelique
1341 968 1504 1009 meatus

316 1053 385 1084 850
529 1042 767 1084 describent
797 1042 935 1096 radio,
966 1044 1008 1084 et
1039 1043 1256 1098 surgentia
1287 1043 1423 1085 sidera
1454 1044 1611 1086 dicent:

527 1122 576 1161 tu
607 1133 754 1175 regere
785 1119 963 1173 imperio
995 1119 1178 1174 populos
1209 1119 1402 1162 Romane
1433 1123 1645 1163 memento
1680 1146 1733 1150 —

527 1197 632 1239 haec
661 1196 741 1238 tibi
773 1198 897 1237 erunt
928 1197 1039 1238 artes
1071 1221 1114 1225 —
1147 1197 1327 1251 pacique
1358 1197 1561 1252 inponere
1591 1212 1766 1252 morem,

525 1288 697 1328 parcere
729 1273 948 1327 subiectis,
979 1275 1021 1315 et
1053 1273 1262 1315 debellare
1294 1274 1526 1329 superbos.²
1777 1267 1779 1270 ¹

597 1349 667 1392 Sic
697 1352 819 1406 pater
848 1349 1076 1405 Anchises,
1108 1353 1235 1405 atque
1266 1351 1371 1393 haec
1402 1351 1653 1393 mirantibus
1685 1351 1811 1393 addit.

312 1439 380 1471 855
526 1428 682 1484 ‘aspice
712 1430 761 1469 ut
791 1427 969 1484 insignis
1001 1428 1148 1483 spoliis
1180 1427 1406 1470 Marcellus
1438 1428 1592 1483 opimis

523 1505 776 1563 ingreditur,
806 1505 1027 1559 victorque
1057 1505 1171 1547 viros
1203 1505 1489 1560 supereminet
1521 1505 1669 1547 omnis.

523 1583 593 1626 hic
623 1597 713 1625 rem
744 1581 981 1624 Romanam
1008 1596 1163 1638 magno
1195 1583 1393 1624 turbante
1423 1582 1613 1624 tumultu

311 1661 467 1704 FMPR
522 1661 642 1703 sistet
674 1673 820 1714 eques,
852 1661 1011 1701 sternet
1040 1658 1207 1701 Poenos
1240 1657 1494 1713 Gallumque
1524 1659 1738 1713 rebellem,

521 1738 730 1792 tertiaque
762 1751 879 1778 arma
908 1736 1020 1791 patri
1052 1736 1280 1791 suspendet
1312 1738 1436 1791 capta
1467 1734 1671 1786 Quirino?

309 1827 378 1859 860
522 1817 649 1869 atque
680 1814 751 1856 hic
780 1812 946 1855 Aeneas
978 1838 1022 1842 —
1054 1828 1140 1854 una
1168 1827 1353 1867 namque
1384 1813 1444 1855 ire
1475 1813 1646 1855 videbat

521 1891 739 1948 egregium
770 1891 908 1932 forma
939 1891 1135 1932 iuvenem
1166 1892 1209 1932 et
1238 1890 1502 1946 fulgentibus
1535 1890 1674 1944 armis,

520 1970 593 2011 sed
622 1969 740 2011 frons
771 1969 883 2010 laeta
913 1982 1082 2023 parum,
1113 1970 1155 2009 et
1187 1967 1349 2010 deiecto
1380 1967 1544 2009 lumina
1576 1967 1697 2010 voltu
1729 1991 1772 1996 -

521 2046 631 2101 ‘quis
663 2048 784 2101 pater
815 2045 886 2086 ille
918 2045 1056 2087 virum
1089 2045 1162 2099 qui
1194 2044 1255 2086 sic
1286 2044 1514 2086 comitatur
1545 2043 1745 2087 euntem?

519 2124 651 2178 filius,
683 2137 790 2164 anne
823 2122 975 2176 aliquis
1006 2135 1162 2177 magna
1193 2121 1244 2163 de
1275 2121 1406 2177 stirpe
1436 2120 1670 2177 nepotum?

307 2214 375 2244 865
520 2202 594 2256 qui
625 2200 826 2256 strepitus
859 2199 970 2241 circa
1000 2198 1223 2253 comitum,
1254 2200 1461 2253 quantum
1493 2199 1627 2240 instar
1656 2198 1701 2239 in
1732 2198 1838 2252 ipso,

517 2279 590 2320 sed
620 2292 706 2320 nox
738 2279 829 2319 atra
859 2278 987 2331 caput
1016 2275 1130 2317 tristi
1161 2276 1438 2318 circumvolat
1468 2275 1644 2317 umbra.’

515 2358 617 2397 tum·
638 2357 760 2410 pater
789 2353 999 2396 Anchises
1029 2353 1214 2395 lacrimis
1246 2353 1460 2409 ingressus
1493 2352 1663 2395 obortis.

518 2433 558 2474 ‘0
592 2434 719 2488 gnate
750 2432 967 2487 ingentem
996 2430 1160 2472 luctum
1190 2444 1244 2471 ne
1276 2444 1429 2484 quaere
1459 2432 1649 2472 tuorum:

516 2509 739 2552 ostendent
769 2507 893 2550 terris
923 2507 1038 2549 hunc
1067 2509 1235 2549 tantum
1265 2506 1371 2561 fata,
1401 2520 1479 2549 nec
1510 2507 1623 2548 ultra

302 2599 372 2631 870
515 2601 606 2629 esse
638 2587 794 2640 sinent3
824 2584 1004 2626 nimium
1035 2584 1156 2627 vobis
1188 2583 1382 2626 Romana
1411 2597 1602 2639 propago

515 2665 605 2707 visa
634 2665 786 2718 potens
818 2662 977 2716 superi,
1007 2661 1179 2716 propria
1209 2661 1314 2703 haec
1345 2661 1381 2703 si
1412 2661 1523 2703 dona
1552 2660 1741 2702 fuissent.

302 2742 423 2785 MPR
515 2743 697 2795 quantos
729 2740 799 2780 ille
832 2739 968 2780 virum
1000 2752 1198 2794 magnam
1229 2738 1433 2780 Mavortis
1464 2737 1516 2778 ad
1547 2737 1693 2778 urbem

394 3184 463 3216 845
487 3181 530 3215 tu
555 3177 692 3215 MP²R
788 3180 856 3213 846
881 3176 1054 3212 restitues
1074 3174 1111 3212 R
1205 3177 1274 3210 848
1299 3173 1390 3210 cedo
1409 3173 1460 3209 Ρι
1556 3176 1624 3208 852
1644 3172 1716 3208 hae
1736 3171 1873 3209 MP’R
1891 3170 1994 3218 pacis

299 3229 446 3265 Servius
542 3230 609 3262 865
635 3226 718 3271 quis
743 3225 883 3261 F²MR
979 3226 1047 3258 868
1072 3224 1160 3258 nate
1184 3222 1295 3259 FPR
