2190 3470
311 246 367 288 58

312 442 379 474 125

311 828 378 859 130

310 1211 377 1244 135

310 1598 377 1629 140

310 1983 377 2015 145

313 2368 380 2400 150

337 2753 403 2785 155

409 3141 475 3172 126
501 3136 731 3172 Anchisiade,
757 3136 822 3171 Μ2

1087 244 1226 280 ΤΕΧΤ.

592 354 765 396 Talibus
798 354 945 396 orabat
977 354 1118 408 dictis,
1149 367 1326 408 arasque
1356 353 1540 408 tenebat,

524 446 620 474 cum
653 432 713 473 sic
746 445 841 473 orsa
869 431 990 486 loqui
1020 433 1148 472 vates.
1213 431 1318 472 ‘sate
1349 431 1554 487 sanguine
1585 430 1726 473 divom

522 508 628 551 Tros
659 507 934 563 Anchisiade,
963 508 1101 551 facilis
1134 508 1357 550 descensus
1389 506 1548 550 Averni
1567 533 1613 538 -—-

520 588 667 628 noctes
700 587 827 640 atque
858 586 946 628 dies
977 588 1096 640 patet
1127 586 1208 627 atri
1239 585 1366 627 ianua
1395 584 1508 627 Ditis
1529 601 1592 627 —z

522 663 594 705 sed
624 677 822 705 revocare
853 663 1031 719 gradum
1064 677 1321 717 superasque
1352 662 1527 704 evadere
1559 662 1611 704 ad
1642 677 1777 717 auras,

520 741 603 782 hoc
636 753 743 795 opus
773 739 845 782 hic
874 740 996 782 labor
1026 742 1099 782 est.
1161 739 1287 794 pauci
1319 753 1425 794 quos
1458 754 1616 794 aequus
1649 740 1806 782 amavit

521 816 730 872 Iuppiter,
763 819 835 859 aut
867 817 1015 859 ardens
1048 817 1187 859 evexit
1218 817 1270 858 ad
1301 816 1471 858 aethera
1501 816 1648 878 virtus,

523 894 586 936 dis
618 894 751 950 geniti
781 896 977 949 potuere:
1007 896 1154 936 tenent
1185 893 1324 936 media
1355 893 1498 935 omnia
1529 894 1671 949 silvae,

522 970 791 1026 Cocytusque
823 971 917 1013 sinu
947 971 1094 1013 labens
1127 971 1404 1013 circumvenit
1435 972 1537 1012 atro.

524 1048 638 1103 quod
669 1048 705 1090 si
735 1050 879 1090 tantus
912 1062 1032 1089 amor
1062 1048 1214 1102 menti,
1245 1048 1281 1090 si
1311 1050 1431 1089 tanta
1463 1047 1629 1102 cupido,

520 1125 585 1166 bis
617 1123 791 1181 Stygios
822 1125 969 1166 innare
999 1125 1136 1179 lacus,
1165 1124 1231 1166 bis
1262 1124 1387 1180 nigra
1416 1125 1559 1166 videre

521 1201 715 1256 Tartara,
747 1203 788 1243 et
818 1202 967 1243 insano
999 1201 1118 1243 iuvat
1148 1201 1368 1258 indulgere
1398 1202 1547 1256 labori,

522 1278 665 1333 accipe
698 1293 805 1333 quae
835 1278 1076 1334 peragenda
1106 1278 1235 1333 prius.
1296 1279 1402 1320 latet
1434 1278 1582 1320 arbore
1615 1292 1749 1333 opaca

521 1370 671 1398 aureus
704 1358 746 1398 et
775 1355 890 1397 foliis
923 1358 965 1397 et
994 1356 1111 1398 lento
1142 1356 1301 1398 vimine
1331 1370 1488 1410 ramus,

519 1431 674 1475 Iunoni
704 1432 894 1475 infernae
926 1432 1062 1475 dictus
1095 1447 1224 1488 sacer,
1254 1433 1370 1475 hunc
1400 1433 1508 1489 tegit
1539 1433 1678 1475 omnis

519 1511 640 1552 lucus
672 1512 714 1552 et
745 1510 935 1552 obscuris
968 1509 1171 1552 claudunt
1203 1510 1467 1552 convallibus
1498 1510 1684 1552 umbrae.

521 1587 594 1629 sed
623 1601 711 1629 non
742 1589 840 1629 ante
870 1586 994 1629 datur
1023 1586 1189 1629 telluris
1222 1589 1370 1641 operta
1401 1586 1554 1641 subire,

522 1664 760 1706 auricomos
793 1678 920 1718 quam
954 1664 1027 1718 qui
1059 1663 1315 1719 decerpserit
1346 1664 1494 1705 arbore
1524 1663 1646 1706 fetus.

520 1741 603 1783 hoc
635 1741 715 1783 sibi
745 1740 925 1796 pulchra
956 1755 1080 1783 suum
1110 1740 1212 1783 ferri
1242 1740 1498 1796 Proserpina
1529 1755 1683 1782 munus

521 1818 724 1861 instituit:
755 1818 894 1873 primo
927 1819 1091 1873 avolso,
1121 1832 1209 1860 non
1240 1818 1382 1860 deficit
1414 1818 1520 1860 alter

522 1910 691 1950 aureus,
722 1898 764 1938 et
795 1895 925 1938 simili
955 1895 1187 1937 frondescit
1216 1886 1339 1952 virga
1369 1895 1553 1937 metallo.

521 1987 622 2029 ergo
655 1973 739 2015 alte
770 1972 934 2029 vestiga
965 1972 1118 2027 oculis,
1150 1975 1192 2014 et
1221 1972 1302 2014 rite
1332 1974 1548 2027 repertum

523 2064 647 2105 carpe
678 2065 825 2105 manu,
855 2064 1041 2104 namque
1071 2049 1163 2104 ipse
1193 2049 1340 2091 volens
1370 2049 1594 2104 facilisque
1625 2050 1836 2103 sequetur,

522 2128 558 2169 si
587 2130 630 2169 te
660 2127 749 2169 fata
779 2129 952 2182 vocant3
983 2126 1106 2169 aliter
1135 2140 1224 2168 non
1253 2126 1414 2168 viribus
1446 2126 1545 2168 ullis

522 2205 707 2259 vincere,
736 2218 816 2246 nec
846 2203 951 2246 duro
983 2204 1142 2258 poteris
1175 2204 1411 2246 convellere
1441 2203 1564 2245 ferro.

521 2283 739 2336 praeterea
769 2281 878 2323 iacet
909 2281 1152 2323 exanimum
1183 2281 1263 2322 tibi
1294 2295 1448 2336 corpus
1481 2279 1607 2322 amici
1627 2304 1670 2309 —-

522 2358 607 2400 heu
637 2358 774 2400 nescis
793 2360 1079 2413 —totamque
1109 2358 1290 2400 incestat
1319 2357 1467 2400 funere
1499 2358 1688 2411 classem,

523 2435 624 2477 dum
658 2435 852 2477 consulta
881 2435 1009 2490 petis,
1039 2437 1272 2490 nostroque
1302 2435 1348 2477 in
1377 2435 1525 2476 limine
1554 2433 1730 2489 pendes:

523 2512 692 2554 sedibus
722 2512 838 2554 hunc
867 2512 978 2554 refer
1009 2514 1106 2554 ante
1137 2512 1242 2567 suis,
1273 2514 1316 2554 et
1347 2511 1480 2554 conde
1511 2511 1716 2566 sepulcro.

524 2589 606 2631 duc
635 2589 778 2645 nigras
809 2589 1010 2644 pecudes,
1042 2604 1090 2631 ea
1120 2589 1260 2644 prima
1289 2589 1459 2644 piacula
1489 2590 1626 2630 sunto.

523 2666 584 2708 sic
615 2666 785 2708 demum
815 2667 936 2709 lucos
969 2665 1113 2722 Stygis
1146 2669 1188 2708 et
1218 2680 1349 2722 regna
1379 2665 1494 2707 invia
1524 2664 1632 2706 vivis

524 2743 729 2798 aspicies?
793 2743 917 2798 dixit,
947 2757 1179 2798 pressoque
1211 2743 1426 2785 obmutuit
1457 2756 1539 2784 ore.

593 2818 758 2861 Aeneas
791 2822 952 2862 maesto
984 2820 1146 2862 defixus
1177 2821 1341 2862 lumina
1370 2820 1491 2862 voltu

523 2896 776 2953 ingreditur,
806 2897 1003 2951 linquens
1035 2899 1223 2952 antrum,
1255 2910 1486 2951 caecosque
1516 2895 1682 2937 volutat

523 2976 698 3015 eventus
731 2973 873 3015 animo
905 2988 1067 3029 secum3
1099 2974 1166 3016 cui
1197 2974 1306 3016 fidus
1338 2972 1523 3015 Achates

916 3138 1062 3172 Averno
1089 3137 1198 3181 MP²‚
1229 3136 1366 3172 Averni
1395 3136 1508 3171 neben
1538 3134 1683 3170 Averno
1714 3133 1861 3170 Servius

1956 3134 2012 3168 est

311 3186 406 3266 ἷιὲιὲὴ
429 3183 666 3267 ᾼτζείῃοΜΜ*
773 3187 839 3219 132
871 3183 1027 3229 Cocytos
1053 3184 1103 3219 M
1202 3187 1269 3219 133
1295 3182 1430 3229 cupido
1457 3183 1514 3218 est
1539 3181 1641 3218 M¹R
1739 3184 1804 3216 141
1831 3180 1914 3226 quis
1938 3180 2012 3217 PR

408 3243 492 3266 s1m1
508 3243 540 3267 1s
