2190 3470
322 232 379 274 60
1101 230 1238 266 ΤΕΧΤ.

530 341 564 383 11
595 355 754 395 comes,
786 342 828 382 et
857 340 1031 395 paribus
1064 340 1174 382 curis
1205 339 1387 396 vestigia
1416 339 1529 396 figit3

322 428 389 460 160
533 419 669 460 multa
699 418 810 459 inter
841 431 931 459 sese
961 417 1078 459 vario
1111 430 1305 459 sermone
1337 416 1543 472 serebant,

531 510 656 550 quem
688 495 851 537 socium
884 495 1120 536 exanimem
1151 496 1268 535 vates
1275 526 1287 548 ‚
1319 494 1433 548 quod
1465 508 1617 550 corpus
1649 494 1913 537 humandum

532 573 698 615 diceret.
761 574 888 627 atque
919 572 983 614 illi
1013 571 1224 613 Misenum
1256 571 1301 612 in
1330 571 1456 613 litore
1487 571 1599 613 sicco

530 653 578 692 ut
608 664 759 692 venere
789 650 953 704 vident,
983 649 1158 705 indigna
1189 650 1326 690 morte
1356 651 1638 703 peremptum,

529 727 739 770 Misenum
771 725 996 782 Aeoliden,
1028 740 1112 781 quo
1143 740 1231 768 non
1261 726 1544 780 praestantior
1575 726 1681 768 alter

320 815 386 847 165
531 819 625 847 aere
657 805 765 847 ciere
795 804 927 859 viros,
957 803 1223 858 Martemque
1254 803 1481 845 accendere
1513 805 1649 845 cantu.

530 881 726 924 Hectoris
757 881 829 924 1110
858 881 1004 937 magni
1033 880 1173 923 fuerat
1205 894 1364 935 comes,
1395 879 1582 922 Hectora
1613 881 1771 923 circum

530 961 572 1001 et
601 959 709 1001 lituo
740 972 906 1015 pugnas
938 958 1116 1014 insignis
1149 957 1294 999 obibat
1325 959 1367 999 et
1397 957 1528 999 hasta.

529 1038 758 1091 postquam
789 1036 911 1077 illum
943 1035 1032 1077 vita
1062 1035 1199 1077 victor
1230 1034 1431 1089 spoliavit
1460 1033 1663 1089 Achilles,

527 1112 742 1154 Dardanio
774 1110 943 1154 Aeneae
975 1126 1065 1153 sese
1095 1111 1352 1154 fortissimus
1383 1111 1509 1154 heros

318 1201 386 1232 170
531 1190 747 1232 addiderat
778 1189 959 1244 socium,
991 1202 1079 1230 non
1110 1188 1311 1230 inferiora
1342 1191 1522 1231 secutus.

529 1266 602 1309 sed
632 1269 724 1308 tum
755 1266 867 1308 forte
898 1279 1001 1308 cava
1031 1265 1132 1307 dum
1163 1268 1365 1320 personat
1396 1280 1580 1321 aequora
1611 1267 1773 1310 concha
1804 1264 1847 1298 —'

529 1344 700 1386 demens
732 1367 776 1373 -
809 1345 851 1385 et
882 1345 1009 1385 cantu
1039 1345 1164 1385 vocat
1194 1343 1239 1385 in
1271 1344 1502 1386 certamina
1533 1344 1665 1400 divos,

529 1422 719 1463 aemulus
752 1423 976 1476 exceptum
1008 1420 1159 1463 Triton
1189 1445 1236 1451 -
1268 1421 1304 1463 si
1335 1421 1502 1464 credere
1534 1421 1710 1478 dignum
1743 1425 1808 1465 est
1838 1448 1882 1452 —

528 1499 638 1541 inter
669 1513 770 1540 saxa
800 1498 939 1539 virum
972 1512 1174 1553 spumosa
1203 1498 1469 1541 immerserat
1499 1499 1621 1541 unda.

317 1586 384 1618 175
529 1590 629 1632 ergo
663 1590 809 1618 omnes
841 1589 997 1631 magno
1030 1575 1188 1617 circum
1221 1576 1405 1618 clamore
1435 1576 1685 1631 fremebant,

527 1653 753 1708 praecipue
783 1653 879 1707 pius
911 1651 1086 1695 Aeneas.
1148 1655 1241 1695 tum
1273 1653 1388 1695 iussa
1419 1651 1606 1708 Sibyllae

526 1730 641 1772 haud
672 1745 792 1772 mora
821 1730 1026 1772 festinant
1055 1730 1223 1785 flentes,
1254 1744 1455 1785 aramque
1487 1731 1671 1785 sepulcri

528 1821 755 1864 congerere
787 1807 1025 1862 arboribus,
1057 1808 1258 1862 caeloque
1289 1807 1465 1850 educere
1497 1810 1669 1850 certant.

527 1885 614 1927 itur
643 1885 688 1927 in
719 1885 938 1940 antiquam
971 1885 1140 1939 silvam,
1172 1885 1338 1927 stabula
1369 1885 1456 1927 alta
1485 1885 1689 1942 ferarum3

317 1972 385 2004 180
528 1962 816 2017 procumbunt
846 1963 1008 2017 piceae,
1040 1964 1163 2004 sonat
1193 1962 1278 2004 icta
1309 1962 1525 2004 securibus
1557 1963 1654 2018 ilex,

527 2039 825 2094 fraxineaeque
855 2039 1014 2094 trabes,
1046 2039 1189 2082 cuneis
1221 2041 1263 2081 et
1293 2039 1423 2082 fissile
1453 2039 1584 2081 robur

529 2116 751 2171 scinditur,
782 2117 1013 2159 advolvont
1044 2116 1228 2173 ingentis
1259 2117 1476 2159 montibus
1508 2131 1645 2160 ornos.

527 2207 607 2236 1100
635 2208 723 2236 11011
753 2192 919 2236 Aeneas
952 2208 1080 2248 opera
1110 2194 1221 2236 inter
1249 2195 1353 2236 talia
1382 2195 1545 2249 primus

527 2271 723 2313 hortatur
754 2271 910 2326 socios,
940 2271 1198 2327 paribusque
1230 2272 1466 2328 accingitur
1496 2271 1634 2314 armis.

320 2357 384 2389 185
529 2350 655 2403 atque
686 2349 791 2391 haec
821 2348 912 2403 ipse
944 2363 1020 2391 suo
1051 2348 1165 2391 tristi
1197 2363 1294 2391 cum
1326 2349 1451 2391 corde
1481 2350 1658 2404 volutat,

529 2428 749 2480 aspectans
781 2426 932 2468 silvam
963 2426 1233 2481 immensam,
1265 2429 1307 2469 et
1338 2426 1398 2468 sic
1427 2426 1538 2468 forte
1568 2429 1774 2481 precatur.

531 2502 582 2544 ‘si
611 2517 800 2545 1111110ιο
830 2504 953 2546 nobis
985 2503 1057 2545 ille
1089 2518 1239 2545 aureus
1271 2503 1420 2546 arbore
1449 2518 1593 2545 ramus

530 2580 723 2622 ostendat
752 2595 925 2623 nemore
955 2581 1001 2623 in
1030 2583 1169 2636 tanto,
1201 2581 1369 2636 quando
1402 2580 1545 2622 omnia
1575 2595 1672 2622 vere
1703 2605 1746 2610 —

528 2657 612 2699 heu
641 2658 822 2699 nimium
853 2683 899 2687 —
931 2658 982 2700 de
1012 2661 1055 2700 te
1084 2660 1202 2700 vates
1233 2658 1394 2700 Misene
1423 2658 1567 2700 locuta
1598 2658 1687 2699 est'

319 2744 386 2776 190
530 2735 600 2776 vix
631 2749 680 2776 ea
708 2734 821 2777 fatus
854 2738 960 2790 erat,
991 2736 1184 2792 geminae
1216 2749 1312 2778 cum
1343 2735 1453 2778 forte
1485 2734 1705 2778 columbae

528 2811 621 2866 ipsa
652 2811 729 2853 sub
762 2826 836 2854 ora
865 2812 946 2854 viri
978 2814 1093 2855 caelo
1125 2828 1275 2855 venere
1306 2813 1510 2866 volantes,

530 2891 571 2930 et
601 2889 725 2930 viridi
757 2889 899 2931 sedere
931 2890 1040 2945 solo3
1070 2892 1163 2931 tum
1195 2890 1406 2932 maximus
1436 2890 1561 2931 heros

529 2968 739 3008 maternas
772 2966 946 3023 agnovit
978 2981 1092 3021 aves,
1122 2967 1342 3021 laetusque
1372 2968 1578 3021 precatur.

531 3043 633 3084 ‘este
665 3042 808 3097 duces,
835 3057 859 3084 o
892 3043 927 3084 si
959 3057 1042 3097 qua
1072 3043 1141 3084 via
1172 3046 1252 3098 est,
1288 3057 1541 3098 cursumque
1571 3057 1648 3098 per
1679 3057 1801 3085 auras

361 3223 389 3258 „t
413 3179 484 3260 {2113
507 3176 719 3212 exanimum
740 3177 813 3213 PR
886 3180 951 3211 177
979 3177 1173 3222 sepulchro
1194 3177 1231 3212 P
1299 3180 1366 3212 186
1392 3187 1479 3213 voce
1503 3178 1677 3223 precatur
1696 3178 1733 3214 R
1806 3180 1872 3212 193
1898 3186 2014 3223 agno·

318 3234 370 3257 sci
