2190 3470
284 202 339 243 72
1061 198 1199 234 ΤΕΧΤ.

495 309 681 352 ostendit
710 333 757 339 —
787 323 926 364 neque
957 308 1070 351 enim
1102 307 1226 351 credo
1259 307 1350 351 sine
1379 308 1554 351 numine
1585 308 1729 351 divom

495 387 673 430 flumina
702 388 822 428 tanta
851 400 975 442 paras
1007 384 1287 443 Stygiamque
1317 386 1463 428 innare
1493 385 1693 442 paludem
1720 410 1763 416 —

285 476 354 508 370
498 464 551 506 da
581 464 773 506 dextram
804 463 959 506 misero
991 466 1033 506 et
1063 466 1207 506 tecum
1238 478 1306 506 me
1336 463 1440 506 tolle
1470 478 1547 519 per
1576 463 1723 518 undas,

498 541 668 584 sedibus
698 543 748 583 ut
778 541 929 583 saltem
959 541 1137 597 placidis
1168 541 1214 583 in
1243 543 1380 584 m'orte
1412 541 1652 597 quiescam’

497 619 600 661 talia
629 618 744 660 fatus
776 621 883 674 erat,
914 618 1056 675 coepit
1086 633 1183 661 cum
1214 619 1317 661 talia
1347 621 1477 662 vates.

502 696 630 738 ‘unde
659 696 766 739 haec
797 710 821 738 0
852 695 1052 739 Palinure
1081 696 1162 738 tibi
1192 698 1281 739 tam
1314 696 1404 738 dira
1435 695 1618 752 cupido?

498 776 546 816 tu
578 771 749 831 Stygias
780 773 1026 816 inhumatus
1058 788 1188 829 aquas
1220 788 1474 829 amnemque
1505 788 1699 816 severum

287 862 356 894 375
500 850 786 893 Eumenidum
818 851 1016 907 aspicies,
1045 851 1236 907 ripamve
1267 851 1452 894 iniussus
1484 850 1648 893 adibis?

501 928 644 971 desine
674 928 764 971 fata
795 928 920 971 deum
951 928 1066 972 flecti
1098 943 1265 985 sperare
1296 928 1519 984 precando.

502 1006 575 1048 sed
607 1020 710 1061 cape
741 1005 854 1048 dicta
884 1020 1064 1061 memor,
1095 1006 1190 1048 duri
1220 1005 1378 1049 solacia
1409 1020 1547 1048 casus:

500 1098 599 1126 nam
630 1085 705 1125 tua
735 1083 908 1125 finitimi
936 1084 1067 1140 longe
1097 1084 1267 1139 lateque
1298 1097 1374 1139 per
1404 1083 1530 1125 urbes

500 1160 707 1217 prodigiis
738 1160 822 1203 acti
854 1161 1125 1216 caelestibus,
1158 1174 1255 1203 ossa
1284 1160 1476 1216 piabunt,

291 1251 359 1283 380
504 1241 546 1281 et
577 1240 766 1280 statuent
795 1238 1029 1293 tumulum,
1060 1241 1103 1281 et
1132 1238 1300 1280 tumulo
1332 1237 1556 1280 sollemnia
1586 1237 1769 1293 mittent,
1796 1231 1798 1233 ’

506 1318 810 1371 aeternumque
840 1316 961 1359 locus
992 1315 1182 1358 Palinuri
1213 1329 1371 1358 nomen
1400 1314 1601 1357 habebit.'

504 1394 572 1436 his
605 1393 729 1436 dictis
762 1407 886 1436 curae
918 1396 1101 1449 emotae,
1131 1393 1367 1449 pulsusque
1396 1407 1626 1449 parumper

507 1470 633 1514 corde
665 1470 786 1513 dolor
815 1470 946 1513 tristi:
978 1470 1135 1527 gaudet
1167 1470 1421 1527 cognomine
1451 1472 1598 1512 terrae.

576 1547 692 1605 Ergo
725 1548 806 1590 iter
836 1548 1053 1604 inceptum
1084 1550 1295 1604 peragunt
1324 1547 1541 1602 fluvioque
1571 1547 1878 1603 propinquant3

294 1637 362 1669 385
505 1626 650 1668 navita
681 1639 788 1681 quos
819 1624 904 1667 iam
935 1625 1033 1667 inde
1063 1627 1113 1667 ut
1144 1623 1295 1681 Stygia
1323 1624 1544 1680 prospexit
1575 1625 1627 1666 ab
1658 1624 1783 1679 unda,

506 1718 582 1760 per
612 1703 791 1745 tacitum
821 1717 972 1745 nemus
1003 1702 1064 1745 ire
1094 1702 1331 1758 pedemque
1363 1701 1579 1744 advertere
1609 1701 1739 1757 ripae,

509 1781 571 1823 sic
600 1780 718 1836 prior
748 1780 993 1837 adgreditur
1024 1779 1167 1835 dictis,
1198 1781 1326 1835 atque
1357 1779 1549 1835 increpat
1579 1779 1703 1821 ultro.

510 1858 718 1914 ‘quisquis
751 1872 795 1900 es
827 1860 1014 1900 armatus
1047 1857 1120 1913 qui
1150 1859 1297 1900 nostra
1327 1857 1380 1899 ad
1411 1856 1588 1899 flumina
1617 1856 1770 1911 tendis,

510 1937 600 1979 fare
631 1950 710 1993 age
741 1936 843 1991 quid
874 1935 1038 1990 venias,
1068 1935 1153 1977 iam
1184 1934 1330 1990 istinc,
1362 1936 1404 1977 et
1435 1934 1668 1990 comprime
1699 1948 1902 1991 gressum.

298 2027 367 2059 390
511 2014 756 2056 umbrarum
787 2012 859 2055 hic
887 2013 1007 2055 locus
1040 2015 1122 2068 est,
1153 2010 1302 2054 Somni
1332 2010 1570 2067 Noctisque
1601 2026 1791 2068 soporae,

512 2105 690 2147 corpora
720 2091 817 2133 viva
847 2090 966 2133 nefas
998 2088 1150 2146 Stygia
1179 2091 1347 2132 vectare
1379 2089 1530 2132 carina.

510 2183 590 2211 nec
619 2183 719 2211 vero
750 2166 931 2211 Alciden
961 2182 1029 2210 me
1061 2181 1156 2210 sum
1186 2167 1368 2209 laetatus
1400 2168 1570 2209 euntem

299 2247 456 2291 FMPR
511 2246 724 2302 accepisse
753 2246 867 2300 lacu,
897 2260 977 2288 nec
1008 2244 1173 2287 Thesea
1201 2243 1539 2299 Pirithoumque,

514 2324 577 2366 dis
610 2338 867 2379 quamquam
899 2323 1051 2380 geniti,
1081 2325 1209 2378 atque
1239 2321 1389 2365 invicti
1418 2321 1578 2364 viribus
1611 2324 1761 2364 essent.

302 2412 370 2445 395
514 2401 762 2443 Tartareum
793 2400 865 2443 ille
896 2415 1025 2443 manu
1057 2399 1276 2442 custodem
1307 2399 1353 2441 in
1383 2398 1524 2442 vincla
1553 2398 1717 2455 petivit,

514 2479 648 2534 ipsius
680 2493 704 2520 a
735 2478 842 2520 solio
873 2477 1004 2534 regis,
1034 2476 1249 2532 traxitque
1278 2479 1551 2532 trementem3

514 2556 560 2598 hi
592 2555 807 2598 dominam
838 2554 952 2597 Ditis
982 2555 1172 2597 thalamo
1204 2554 1409 2597 deducere
1440 2553 1602 2596 adorti?

517 2648 624 2688 quae
656 2635 803 2676 contra
832 2633 1017 2675 breviter
1046 2631 1137 2674 fata
1168 2633 1232 2674 est
1262 2629 1523 2687 Amphrysia
1552 2632 1682 2673 vates.

518 2711 675 2753 ‘nullae
705 2711 776 2753 hic
806 2710 983 2753 insidiae
1013 2710 1119 2752 tales
1151 2734 1197 2739 —
1228 2709 1385 2751 absiste
1415 2708 1576 2751 moveri
1607 2733 1650 2738 —

306 2799 376 2831 400
518 2802 597 2830 nec
627 2788 714 2831 vim
744 2788 831 2830 tela
861 2787 1013 2830 ferunt.
1074 2787 1176 2829 licet
1206 2786 1356 2843 ingens
1387 2785 1542 2828 ianitor
1572 2787 1693 2828 antro

407 3145 475 3177 375
495 3140 618 3177 abibis
639 3141 814 3177 Variante
833 3140 888 3176 bei
906 3139 1052 3176 Servius
1069 3140 1148 3176 wnd
1164 3140 1339 3175 Donatus
1410 3142 1477 3174 383
1495 3139 1599 3174 terra
1616 3137 1763 3174 Servius
1835 3140 1903 3173 385
1923 3147 2008 3173 con-

311 3200 433 3247 spexit
457 3201 507 3236 M
600 3203 667 3236 389
692 3199 770 3235 iam
794 3197 891 3235 stine
916 3199 980 3235 Μι
