2190 3470
295 238 353 280 54

296 434 340 466 55

300 820 344 851 60

303 1204 347 1236 65

308 1591 351 1623 70

312 1976 354 2008 75

316 2362 360 2393 80

319 2747 363 2779 85

1075 232 1214 268 ΤΕΧΤ.

508 345 723 388 conticuit.
787 343 951 401 gelidus
982 342 1156 385 Teucris
1189 356 1266 396 per
1297 340 1401 383 dura
1432 341 1619 384 cucurrit

509 437 604 465 ossa
633 425 811 476 tremor,
841 420 1066 475 funditque
1097 433 1244 474 preces
1274 433 1349 460 rex
1378 420 1551 473 pectore
1582 418 1634 460 ab
1666 418 1763 459 imo.

510 500 696 542 ‘Phoebe
727 499 868 556 gravis
900 498 1052 540 Troiae
1084 511 1250 551 semper
1280 495 1477 538 miserate
1507 495 1687 550 labores,

508 577 707 620 Dardana
739 577 812 632 qui
842 575 1008 618 Paridis
1040 573 1193 616 direxti
1223 573 1309 615 tela
1339 587 1575 627 manusque

511 669 662 710 corpus
694 654 740 695 in
769 652 992 707 Aeacidae,
1023 665 1198 707 magnas
1231 649 1432 692 obeuntia
1461 652 1594 691 terras

509 734 575 774 tot
605 731 739 773 maria
769 730 925 773 intravi
956 729 1062 771 duce
1092 731 1152 783 te,
1182 727 1438 783 penitusque
1467 728 1658 780 repostas

510 808 744 864 Massylum
776 807 933 864 gentis,
963 807 1267 861 praetentaque
1300 802 1496 859 Syrtibus
1528 817 1645 844 arva:

513 886 598 927 iam
629 884 801 926 tandem
832 882 981 926 Italiae
1011 882 1216 939 fugientis
1246 880 1492 936 prendimus
1525 893 1632 934 oras,

511 962 593 1004 hac
623 961 806 1003 Troiana
835 964 958 1003 tenus
990 960 1120 1002 fuerit
1149 959 1322 1000 fortuna
1353 959 1506 1000 secuta.

512 1053 588 1081 vos
621 1052 791 1093 quoque
820 1037 1078 1094 Pergameae
1110 1036 1195 1078 iam
1226 1011 1386 1077 fas'est
1416 1047 1589 1089 parcere
1620 1033 1748 1090 genti,

515 1116 641 1170 dique
672 1115 858 1170 deaeque
889 1128 1036 1156 omnes
1069 1113 1222 1168 quibus
1255 1111 1423 1154 obstitit
1452 1109 1580 1153 Ilium
1613 1112 1655 1152 et
1685 1110 1834 1166 ingens

516 1193 652 1249 gloria
681 1191 929 1234 Dardaniae.
992 1193 1125 1245 tuque
1156 1204 1181 1231 o
1213 1188 1480 1231 sanctissima
1509 1190 1627 1229 vates

515 1269 705 1325 praescia
734 1269 920 1323 venturi,
952 1268 1005 1310 da
1024 1293 1067 1297 —
1087 1281 1175 1309 non
1206 1265 1395 1308 indebita
1423 1278 1556 1320 posco

515 1361 647 1403 regna
677 1346 783 1388 meis
814 1345 914 1387 fatis
935 1370 978 1374 —
999 1344 1123 1387 Latio
1156 1343 1373 1386 considere
1404 1341 1603 1396 Teucros,

518 1423 782 1478 errantisque
814 1423 932 1477 deos,
964 1422 1208 1478 agitataque
1238 1420 1416 1462 numina
1447 1418 1610 1461 Troiae.

517 1504 610 1543 tum
641 1500 815 1543 Phoebo
848 1502 890 1541 et
921 1499 1088 1541 Triviae
1120 1498 1255 1540 solido
1288 1497 1339 1539 de
1370 1510 1581 1539 marmore
1611 1496 1820 1550 templum

518 1578 757 1632 instituam,
786 1577 1004 1631 festosque
1036 1576 1123 1618 dies
1156 1575 1207 1617 de
1237 1574 1410 1616 nomine
1440 1573 1614 1615 Phoebi.

518 1658 561 1698 te
593 1669 762 1710 quoque
793 1668 949 1710 magna
980 1655 1154 1695 manent
1183 1652 1326 1708 regnis
1358 1650 1592 1706 penetralia
1621 1650 1791 1704 nostris,

519 1733 590 1775 hic
621 1746 700 1789 ego
730 1745 916 1786 namque
946 1733 1042 1773 tuas
1074 1732 1208 1773 sortes
1241 1742 1477 1783 arcanaque
1507 1727 1597 1770 fata

522 1811 634 1852 dicta
664 1824 783 1851 meae
814 1809 932 1866 genti
962 1823 1139 1863 ponam,
1168 1808 1387 1861 lectosque
1418 1805 1593 1848 sacrabo

523 1888 634 1930 alma
664 1886 788 1929 viros.
850 1886 964 1928 foliis
995 1887 1163 1927 tantum
1194 1899 1248 1926 ne
1280 1883 1468 1926 carmina
1498 1882 1664 1937 manda,

520 1979 574 2006 ne
604 1964 775 2006 turbata
805 1964 950 2005 volent
980 1962 1138 2017 rapidis
1169 1961 1354 2003 ludibria
1383 1959 1534 2014 ventis,

524 2042 617 2097 ipsa
648 2055 772 2083 canas
805 2040 907 2082 oro'.
969 2040 1098 2082 finem
1131 2039 1245 2080 dedit
1276 2052 1348 2080 ore
1377 2037 1589 2093 loquendi.

594 2117 654 2160 At
683 2117 846 2160 Phoebi
876 2117 1066 2159 nondum
1098 2116 1282 2171 patiens,
1312 2115 1509 2157 immanis
1540 2115 1586 2156 in
1617 2116 1738 2156 antro

524 2196 756 2238 bacchatur
786 2197 922 2249 vates,
952 2208 1156 2251 magnum
1188 2193 1224 2235 si
1254 2195 1426 2247 pectore
1456 2191 1593 2246 possit

527 2273 760 2315 excussisse
792 2272 934 2314 deum:
965 2274 1085 2313 tanto
1117 2270 1254 2327 magis
1285 2270 1357 2312 ifle
1387 2269 1541 2325 fatigat

529 2364 575 2392 os
605 2350 819 2404 rabidum,
849 2349 939 2391 fera
970 2348 1097 2390 corda
1128 2348 1323 2402 domans,
1353 2346 1562 2403 fingitque
1592 2345 1833 2400 premendo.

530 2427 638 2469 ostia
668 2427 838 2481 iamque
869 2426 1019 2467 domus
1050 2427 1225 2480 patuere
1255 2423 1446 2480 ingentia
1477 2425 1647 2465 centum

529 2506 680 2559 sponte
705 2519 798 2558 sua,
828 2503 1021 2558 vatisque
1051 2503 1194 2544 ferunt
1224 2515 1428 2557 responsa
1458 2515 1534 2555 per
1565 2513 1698 2541 auras.

530 2581 571 2622 ‘o
602 2581 774 2622 tandem
806 2580 972 2637 magnis
1003 2580 1145 2636 pelagi
1177 2579 1374 2621 defuncte
1404 2577 1573 2633 periclis
1593 2601 1639 2606 —

531 2659 604 2700 sed
635 2661 771 2700 terrae
802 2658 998 2714 graviora
1028 2659 1201 2699 manent
1219 2681 1266 2686 -
1284 2656 1331 2698 in
1359 2669 1491 2712 regna
1520 2653 1672 2696 Lavini

530 2735 797 2777 Dardanidae
827 2735 998 2777 venient
1017 2759 1062 2764 -
1082 2734 1205 2776 mitte
1235 2733 1346 2775 hanc
1377 2732 1428 2774 de
1457 2733 1629 2786 pectore
1661 2744 1804 2772 curam
1825 2755 1870 2759 —

532 2812 605 2854 sed
634 2826 722 2853 non
753 2814 795 2853 et
825 2812 990 2853 venisse
1020 2812 1175 2853 volent.
1236 2810 1366 2864 bella,
1395 2807 1567 2851 horrida
1596 2807 1719 2862 bella,

533 2891 574 2931 et
604 2888 810 2944 Thybrim
842 2889 978 2930 multo
1011 2890 1280 2943 spumantem
1312 2885 1516 2942 sanguine
1548 2898 1683 2926 cerno.

420 3228 464 3259 84
489 3226 589 3259 terra
614 3224 662 3267 R,
686 3225 808 3259 terrae
832 3223 944 3258 ‘nebe‘n
967 3222 1068 3257 terra
1092 3220 1238 3258 Servius
1332 3219 1457 3255 Latini
1489 3218 1664 3255 Variante
1688 3218 1743 3253 bei
1767 3217 1914 3254 Servius
