2190 3470
345 186 404 229 68

345 305 413 337 295

346 692 415 723 300

341 1079 410 1110 305

341 1465 410 1496 310

341 1850 409 1883 315

341 2237 410 2268 320

341 2622 410 2654 325

342 3007 411 3039 330

1127 187 1266 224 TEXT.

630 295 743 339 Hinc
773 295 842 338 via
871 294 1062 338 Tartarei
1094 311 1201 352 quae
1231 297 1315 339 fert
1344 295 1600 340 Acherontis
1632 299 1684 340 ad
1715 298 1866 354 undas;

556 373 750 415 turbidus
781 373 852 415 1110
883 387 1013 416 030110
1044 376 1249 429 vastaque
1280 375 1481 431 voragine
1512 389 1666 432 gurges

557 452 739 505 aestuat,
770 453 898 506 atque
929 465 1099 494 omnem
1132 449 1292 507 Cocyto
1324 454 1488 495 eructat
1517 467 1698 495 arenam.

558 527 742 583 portitor
771 527 849 570 has
879 527 1115 571 horrendus
1147 543 1277 583 aquas
1309 531 1352 571 et
1382 529 1558 572 flumina
1589 532 1727 572 servat

555 604 736 647 terribili
767 605 963 660 squalore
995 604 1181 660 Charon,
1212 605 1280 648 cui
1310 606 1494 661 plurima
1525 610 1669 650 mento

560 682 736 724 canities
767 682 928 725 inculta
958 682 1085 738 iacet,
1116 685 1230 725 stant
1259 683 1422 725 lumina
1452 683 1636 740 flamma,

557 759 750 802 sordidus
782 774 834 802 ex
864 760 1021 802 umeris
1052 759 1165 802 nodo
1198 760 1406 815 dependet
1435 761 1627 804 amictus.

556 836 647 892 ipse
677 839 812 879 ratem
844 839 970 879 conto
1003 837 1181 894 subigit,
1210 837 1401 892 velisque
1431 837 1655 900 ministrat,
1705 870 1710 879 .
1734 872 1745 902 ζ

556 916 599 956 et
628 914 869 971 ferruginea
899 915 1133 957 subvectat
1151 919 1328 970 corpora
1359 915 1543 970 cumba,-

556 991 641 1033 iam
673 991 831 1047 senior,
862 991 939 1033 sed
967 991 1096 1034 cruda
1127 991 1205 1034 deo
1236 991 1467 1047 viridisque
1499 978 1703 1034 senectus.

552 1067 638 1110 huc
668 1069 807 1111 omnis
837 1069 963 1111 turba
993 1069 1046 1110 ad
1077 1068 1190 1124 ripas
1222 1068 1354 1110 effusa
1385 1069 1551 1110 ruebat:

554 1148 710 1188 matres
741 1148 870 1201 atque
901 1145 1000 1200 viri,
1031 1145 1314 1200 defunctaque
1346 1159 1523 1201 corpora
1553 1145 1642 1187 vita

554 1223 874 1279 magnanimum
905 1221 1103 1277 heroum,
1133 1222 1256 1277 pueri
1285 1222 1574 1278 innuptaeque
1605 1223 1784 1278 puellae,
1831 1263 1833 1265 ,

553 1299 828 1355 impositique
857 1299 974 1356 rogis
1005 1299 1178 1341 iuvenes
1210 1301 1308 1342 ante
1341 1313 1414 1341 ora
1443 1302 1686 1355 parentum3

554 1391 682 1432 quam
713 1377 851 1419 multa
879 1376 925 1418 in
956 1376 1074 1419 silvis
1106 1377 1301 1419 autumni
1330 1376 1489 1434 frigore
1519 1377 1658 1433 primo

551 1454 672 1510 lapsa
702 1454 858 1496 cadunt
888 1454 1010 1508 folia,
1041 1457 1114 1496 aut
1145 1454 1198 1496 ad
1227 1456 1384 1496 terram
1416 1454 1585 1511 gurgite
1616 1454 1668 1496 ab
1700 1455 1786 1496 alto

554 1546 681 1587 quam
713 1532 872 1574 multae
903 1532 1194 1588 glomerantur
1225 1545 1342 1586 aves,
1372 1531 1446 1573 ubi
1476 1531 1656 1588 frigidus
1687 1545 1822 1573 annus

552 1611 670 1651 trans
700 1611 882 1665 pontum
912 1608 1054 1665 fugat,
1085 1611 1128 1650 et
1157 1608 1281 1650 terris
1312 1608 1493 1650 inmittit
1524 1608 1688 1663 apricis.

554 1687 723 1728 stabant
754 1688 942 1741 orantes,
972 1685 1101 1742 primi
1131 1685 1420 1727 transmittere
1452 1699 1634 1740 cursum,

552 1763 867 1819 tendebantque
898 1777 1049 1805 manus
1079 1762 1196 1818 ripae
1226 1762 1441 1805 ulterioris
1472 1777 1632 1805 amore:

552 1841 697 1883 navita
728 1841 802 1883 sed
825 1840 960 1883 tristis
990 1854 1105 1883 nunc
1134 1839 1213 1882 hos
1244 1854 1359 1882 nunc
1389 1840 1544 1896 accipit
1574 1840 1684 1894 11108,

553 1920 619 1960 ast
649 1918 755 1960 alios
786 1918 914 1974 longe
946 1920 1183 1960 summotos
1215 1920 1330 1960 arcet
1359 1917 1527 1960 harena.

552 1994 718 2037 Aeneas
750 1995 927 2038 miratus
959 1995 1073 2037 enim
1104 1997 1331 2050 motusque
1362 1995 1563 2050 tumultu,

555 2072 639 2114 ‘die
669 2073 729 2114 ait
760 2087 785 2114 o
816 2072 956 2129 virgo,
988 2072 1090 2127 quid
1120 2073 1211 2115 volt
1241 2086 1471 2115 concursus
1502 2072 1555 2114 ad
1586 2086 1767 2127 amnem,

554 2150 707 2204 quidve
738 2152 891 2205 petunt
921 2150 1105 2205 animae,
1136 2150 1205 2192 vel
1236 2164 1320 2205 quo
1352 2149 1594 2192 discrimine
1624 2149 1738 2205 ripas

552 2226 632 2268 hae
662 2227 881 2282 linquunt,
912 2228 1010 2269 illae
1039 2227 1168 2269 remis
1199 2227 1307 2269 vada
1335 2227 1466 2269 livida
1496 2226 1717 2269 verrunt?

554 2305 628 2346 0111
660 2305 721 2346 810
751 2305 937 2346 breviter
966 2304 1056 2346 fata
1086 2307 1151 2347 est
1179 2305 1389 2361 longaeva
1419 2304 1623 2347 sacerdos.

555 2380 759 2423 ‘Anchisa
789 2384 1006 2438 generate,
1038 2382 1163 2424 deum
1196 2382 1431 2425 certissima
1460 2382 1613 2437 proles,

555 2457 704 2514 Cocyti
736 2461 886 2515 stagna
916 2460 1002 2501 alta
1032 2459 1149 2501 vides
1182 2457 1461 2516 Stygiamque
1490 2458 1702 2514 paludem,

553 2535 596 2577 di
627 2536 746 2578 cuius
777 2536 915 2578 iurare
944 2536 1099 2578 timent
1130 2539 1172 2579 et
1201 2536 1348 2579 fallere
1377 2551 1546 2578 numen.

553 2612 658 2655 haec
689 2613 828 2656 omnis
861 2628 988 2668 quam
1020 2613 1174 2669 cernis,
1205 2613 1328 2669 inops
1360 2613 1664 2671 inhumataque
1693 2612 1819 2654 turba
1848 2614 1924 2667 est,

552 2690 736 2744 portitor
765 2691 837 2732 ille
870 2689 1055 2747 Charon;
1085 2690 1131 2732 hi
1163 2705 1269 2745 quos
1300 2690 1418 2732 vehit
1448 2690 1578 2744 unda,
1609 2689 1774 2744 sepulti.

553 2780 631 2808 nec
660 2766 773 2822 ripas
805 2767 928 2809 datur
957 2767 1188 2809 horrendas
1219 2770 1262 2809 et
1291 2781 1418 2809 rauca
1448 2767 1607 2808 fluenta

553 2845 840 2898 transportare
871 2844 1006 2900 prius,
1039 2859 1165 2899 quam
1198 2844 1367 2886 sedibus
1398 2857 1494 2886 ossa
1525 2842 1740 2898 quierunt:

554 2923 724 2962 centum
757 2923 896 2962 errant
927 2935 1060 2963 annos
1091 2921 1356 2976 volitantque
1386 2920 1491 2962 haec
1520 2919 1646 2961 h'tora
1677 2919 1848 2974 circum,

552 2999 646 3039 tum
678 2997 847 3039 demum
879 2997 1071 3053 admissi,
1102 3000 1253 3054 stagna
1283 2999 1482 3052 exoptata
1511 2996 1726 3039 revisunt?

438 3181 505 3212 300
530 3176 701 3219 flandae
729 3179 777 3214 M
782 3178 896 3223 ιΡῙΙί,
920 3178 1070 3214 flamma
1094 3180 1213 3215 nitiert
1236 3178 1383 3215 Servius
1406 3189 1436 3214 z.
1463 3178 1479 3212 I
1505 3182 1573 3213 646
